Time,Event,Symbol,Bid,Ask
1483394437,TICK,EURUSDi,1.04520,1.04582
1483394410,TICK,EURGBPi,0.85084,0.85166
1483135019,TICK,GBPUSDi,1.23308,1.23443
1483394419,TICK,AUDUSDi,0.71847,0.71889
1483135019,TICK,EURJPYi,123.08600,123.21800
1483394435,TICK,AUDJPYi,84.40200,84.46800
1483135019,TICK,EURAUDi,1.45918,1.46216
1483394431,TICK,USDCADi,1.34394,1.34481
1483394433,TICK,USDJPYi,117.45600,117.51800
1483394431,TICK,GBPCADi,1.64943,1.65125
1483394431,TICK,AUDCADi,0.96553,0.96631
1483135019,TICK,USDCHFi,1.01798,1.01909
1483135019,TICK,GBPAUDi,1.71080,1.71509
1483135019,TICK,XAUUSDi,1152.59000,1152.85000
1483394443,TICK,EURUSDi,1.04521,1.04583
1483394443,TICK,AUDJPYi,84.40100,84.47400
1483394442,TICK,USDJPYi,117.45600,117.51800
1483394451,TICK,EURUSDi,1.04520,1.04583
1483394449,TICK,AUDJPYi,84.40000,84.46800
1483394446,TICK,USDJPYi,117.45400,117.51800
1483394457,TICK,EURUSDi,1.04521,1.04584
1483394523,TICK,EURUSDi,1.04518,1.04574
1483394523,TICK,AUDUSDi,0.71847,0.71897
1483394523,TICK,AUDJPYi,84.39700,84.48100
1483394523,TICK,USDCADi,1.34370,1.34549
1483394523,TICK,GBPCADi,1.64930,1.65381
1483394523,TICK,AUDCADi,0.96538,0.96748
1483394720,TICK,EURUSDi,1.04538,1.04635
1483394720,TICK,EURGBPi,0.85119,0.85171
1483394720,TICK,AUDUSDi,0.71847,0.71896
1483394720,TICK,EURJPYi,122.75400,122.92700
1483394720,TICK,AUDJPYi,84.41200,84.48700
1483394720,TICK,EURAUDi,1.45380,1.45758
1483394741,TICK,USDCADi,1.34434,1.34491
1483394587,TICK,USDJPYi,117.48800,117.53500
1483394720,TICK,GBPCADi,1.65015,1.65258
1483394720,TICK,AUDCADi,0.96583,0.96656
1483394720,TICK,GBPAUDi,1.70745,1.71037
1483394741,TICK,EURUSDi,1.04536,1.04633
1483394741,TICK,EURGBPi,0.85111,0.85172
1483394741,TICK,EURJPYi,122.74100,122.92000
1483394744,TICK,AUDJPYi,84.41000,84.47800
1483394741,TICK,USDJPYi,117.48500,117.52200
1483394754,TICK,EURUSDi,1.04536,1.04622
1483394751,TICK,EURJPYi,122.74100,122.94000
1483394751,TICK,AUDJPYi,84.40600,84.47800
1483394753,TICK,EURAUDi,1.45378,1.45755
1483394751,TICK,USDJPYi,117.46500,117.52100
1483394756,TICK,EURUSDi,1.04536,1.04623
1483394755,TICK,EURAUDi,1.45378,1.45722
1483394756,TICK,EURAUDi,1.45378,1.45723
1483394766,TICK,EURUSDi,1.04536,1.04635
1483394760,TICK,EURJPYi,122.74200,122.94000
1483394760,TICK,AUDJPYi,84.40800,84.47800
1483394767,TICK,EURUSDi,1.04534,1.04633
1483394766,TICK,EURGBPi,0.85114,0.85172
1483394767,TICK,AUDUSDi,0.71847,0.71897
1483394767,TICK,AUDJPYi,84.40800,84.47900
1483394766,TICK,AUDCADi,0.96583,0.96591
1483394771,TICK,EURUSDi,1.04536,1.04633
1483394767,TICK,EURAUDi,1.45378,1.45722
1483394767,TICK,USDCADi,1.34435,1.34492
1483394772,TICK,USDJPYi,117.49100,117.52100
1483394767,TICK,GBPAUDi,1.70747,1.71037
1483394776,TICK,EURUSDi,1.04536,1.04626
1483394776,TICK,EURGBPi,0.85125,0.85172
1483394776,TICK,EURJPYi,122.81900,122.94000
1483394773,TICK,EURAUDi,1.45373,1.45721
1483394773,TICK,GBPCADi,1.65016,1.65259
1483394776,TICK,AUDCADi,0.96583,0.96588
1483394785,TICK,EURUSDi,1.04536,1.04627
1483394783,TICK,EURAUDi,1.45373,1.45718
1483394782,TICK,USDJPYi,117.49900,117.52200
1483394783,TICK,GBPCADi,1.65017,1.65259
1483394786,TICK,EURUSDi,1.04536,1.04626
1483394795,TICK,EURUSDi,1.04536,1.04614
1483394795,TICK,EURJPYi,122.81400,122.93000
1483394794,TICK,AUDJPYi,84.40600,84.47500
1483394791,TICK,USDJPYi,117.48800,117.51200
1483394801,TICK,EURUSDi,1.04536,1.04608
1483394798,TICK,EURGBPi,0.85125,0.85173
1483394798,TICK,AUDUSDi,0.71867,0.71880
1483394797,TICK,EURJPYi,122.80300,122.92500
1483394800,TICK,AUDJPYi,84.41800,84.46300
1483394800,TICK,EURAUDi,1.45348,1.45714
1483394797,TICK,USDCADi,1.34454,1.34512
1483394797,TICK,USDJPYi,117.47800,117.50500
1483394801,TICK,GBPCADi,1.65030,1.65284
1483394800,TICK,AUDCADi,0.96608,0.96666
1483394799,TICK,GBPAUDi,1.70761,1.71016
1483394803,TICK,EURUSDi,1.04536,1.04607
1483394803,TICK,AUDJPYi,84.42300,84.46000
1483394803,TICK,EURAUDi,1.45348,1.45717
1483394802,TICK,AUDCADi,0.96618,0.96666
1483394801,TICK,GBPAUDi,1.70769,1.71003
1483394814,TICK,EURUSDi,1.04536,1.04606
1483394809,TICK,AUDUSDi,0.71866,0.71889
1483394812,TICK,EURJPYi,122.79400,122.92000
1483394814,TICK,AUDJPYi,84.42400,84.46500
1483394809,TICK,EURAUDi,1.45325,1.45703
1483394807,TICK,USDCADi,1.34454,1.34511
1483394812,TICK,USDJPYi,117.47400,117.50100
1483394810,TICK,GBPCADi,1.65040,1.65283
1483394813,TICK,AUDCADi,0.96623,0.96671
1483394808,TICK,GBPAUDi,1.70753,1.71001
1483394816,TICK,EURUSDi,1.04536,1.04607
1483394815,TICK,USDJPYi,117.47400,117.50200
1483394830,TICK,EURUSDi,1.04536,1.04600
1483394830,TICK,EURGBPi,0.85129,0.85173
1483394830,TICK,EURJPYi,122.79900,122.91000
1483394830,TICK,EURAUDi,1.45344,1.45676
1483394830,TICK,USDJPYi,117.47800,117.50300
1483394828,TICK,GBPAUDi,1.70758,1.70992
1483394853,TICK,EURUSDi,1.04536,1.04601
1483394845,TICK,EURJPYi,122.76300,122.87700
1483394852,TICK,AUDJPYi,84.39500,84.43800
1483394839,TICK,EURAUDi,1.45360,1.45646
1483394849,TICK,USDJPYi,117.43400,117.46400
1483394852,TICK,GBPCADi,1.65028,1.65283
1483394858,TICK,EURUSDi,1.04536,1.04600
1483394866,TICK,EURUSDi,1.04536,1.04591
1483394866,TICK,EURGBPi,0.85130,0.85173
1483394861,TICK,AUDUSDi,0.71866,0.71889
1483394866,TICK,EURJPYi,122.76900,122.86500
1483394862,TICK,AUDJPYi,84.39500,84.43700
1483394866,TICK,EURAUDi,1.45374,1.45606
1483394904,TICK,EURUSDi,1.04541,1.04591
1483394884,TICK,EURGBPi,0.85130,0.85172
1483394876,TICK,AUDUSDi,0.71865,0.71888
1483394903,TICK,EURJPYi,122.79000,122.86700
1483394903,TICK,AUDJPYi,84.40100,84.43300
1483394892,TICK,EURAUDi,1.45417,1.45573
1483394902,TICK,USDJPYi,117.46000,117.48000
1483394884,TICK,GBPCADi,1.65005,1.65283
1483394884,TICK,GBPAUDi,1.70736,1.70994
1483394910,TICK,EURUSDi,1.04541,1.04592
1483394910,TICK,EURGBPi,0.85164,0.85172
1483394909,TICK,EURJPYi,122.79600,122.87200
1483394908,TICK,AUDJPYi,84.41200,84.43300
1483394908,TICK,USDCADi,1.34454,1.34506
1483394908,TICK,USDJPYi,117.46100,117.48000
1483394911,TICK,EURUSDi,1.04541,1.04591
1483394911,TICK,EURJPYi,122.79500,122.87200
1483394911,TICK,AUDJPYi,84.41400,84.43300
1483394911,TICK,EURAUDi,1.45434,1.45586
1483394914,TICK,EURUSDi,1.04541,1.04592
1483394913,TICK,EURJPYi,122.79900,122.87200
1483394912,TICK,EURAUDi,1.45434,1.45594
1483394915,TICK,EURUSDi,1.04541,1.04591
1483394914,TICK,GBPCADi,1.65005,1.65282
1483394914,TICK,GBPAUDi,1.70736,1.70993
1483394915,TICK,EURGBPi,0.85164,0.85181
1483394915,TICK,EURJPYi,122.80100,122.87300
1483394915,TICK,EURAUDi,1.45434,1.45606
1483394916,TICK,EURUSDi,1.04544,1.04609
1483394920,TICK,EURUSDi,1.04545,1.04609
1483394918,TICK,GBPUSDi,1.22764,1.22863
1483394919,TICK,EURJPYi,122.79600,122.89800
1483394919,TICK,AUDJPYi,84.40800,84.44400
1483394919,TICK,USDJPYi,117.46100,117.48500
1483394916,TICK,GBPCADi,1.64991,1.65281
1483394916,TICK,GBPAUDi,1.70725,1.70992
1483394920,TICK,EURJPYi,122.79800,122.90700
1483394920,TICK,EURAUDi,1.45434,1.45630
1483394926,TICK,EURUSDi,1.04547,1.04609
1483394926,TICK,EURJPYi,122.79800,122.90700
1483394922,TICK,AUDJPYi,84.41200,84.44400
1483394926,TICK,GBPCADi,1.64991,1.65279
1483394926,TICK,GBPAUDi,1.70725,1.70991
1483394927,TICK,EURUSDi,1.04547,1.04617
1483394927,TICK,USDJPYi,117.46100,117.48500
1483394942,TICK,EURUSDi,1.04543,1.04609
1483394930,TICK,EURJPYi,122.79600,122.89700
1483394937,TICK,AUDJPYi,84.41200,84.44400
1483394937,TICK,USDCADi,1.34454,1.34506
1483394937,TICK,USDJPYi,117.46200,117.48300
1483394939,TICK,GBPCADi,1.64991,1.65279
1483394943,TICK,EURUSDi,1.04544,1.04617
1483394943,TICK,EURJPYi,122.80000,122.90800
1483394948,TICK,EURUSDi,1.04544,1.04610
1483394948,TICK,EURJPYi,122.79900,122.90500
1483394945,TICK,USDCADi,1.34454,1.34503
1483394952,TICK,EURUSDi,1.04545,1.04609
1483394950,TICK,EURJPYi,122.78500,122.89200
1483394951,TICK,AUDJPYi,84.40200,84.44400
1483394952,TICK,USDJPYi,117.44100,117.47300
1483394949,TICK,GBPCADi,1.64990,1.65279
1483394951,TICK,GBPAUDi,1.70725,1.71011
1483394955,TICK,EURUSDi,1.04544,1.04609
1483394955,TICK,EURJPYi,122.78500,122.88700
1483394955,TICK,USDJPYi,117.44100,117.47600
1483394957,TICK,EURUSDi,1.04543,1.04609
1483394956,TICK,AUDJPYi,84.40400,84.44400
1483394963,TICK,EURUSDi,1.04545,1.04609
1483394960,TICK,EURAUDi,1.45434,1.45604
1483394960,TICK,GBPAUDi,1.70752,1.71011
1483394977,TICK,EURUSDi,1.04548,1.04609
1483394973,TICK,EURJPYi,122.77200,122.88700
1483394971,TICK,AUDJPYi,84.40000,84.44400
1483394971,TICK,USDJPYi,117.44100,117.47300
1483394980,TICK,EURUSDi,1.04551,1.04609
1483394980,TICK,EURJPYi,122.78000,122.88700
1483394978,TICK,AUDJPYi,84.40100,84.43300
1483394977,TICK,USDJPYi,117.44300,117.46900
1483394984,TICK,EURUSDi,1.04555,1.04613
1483394982,TICK,EURJPYi,122.78500,122.89700
1483394983,TICK,AUDJPYi,84.40200,84.43800
1483394982,TICK,USDJPYi,117.44300,117.47600
1483394988,TICK,EURUSDi,1.04557,1.04626
1483394988,TICK,EURGBPi,0.85164,0.85186
1483394988,TICK,GBPUSDi,1.22764,1.22826
1483394988,TICK,EURJPYi,122.78800,122.90500
1483394984,TICK,AUDJPYi,84.40100,84.43800
1483394988,TICK,EURAUDi,1.45457,1.45619
1483394986,TICK,USDJPYi,117.44300,117.46900
1483394988,TICK,USDCHFi,1.02300,1.02405
1483394989,TICK,EURUSDi,1.04555,1.04626
1483394989,TICK,GBPUSDi,1.22764,1.22864
1483394989,TICK,EURJPYi,122.78300,122.90500
1483394989,TICK,USDCHFi,1.02300,1.02398
1483394996,TICK,EURUSDi,1.04555,1.04616
1483394996,TICK,EURJPYi,122.78400,122.89200
1483394995,TICK,AUDJPYi,84.40200,84.43100
1483394993,TICK,USDCADi,1.34454,1.34503
1483394996,TICK,USDJPYi,117.44300,117.47000
1483394996,TICK,EURGBPi,0.85164,0.85211
1483394996,TICK,USDCHFi,1.02293,1.02405
1483394996,TICK,EURAUDi,1.45457,1.45629
1483394999,TICK,EURUSDi,1.04555,1.04618
1483394999,TICK,EURJPYi,122.78700,122.89400
1483394997,TICK,USDCHFi,1.02300,1.02398
1483395002,TICK,EURUSDi,1.04555,1.04619
1483395000,TICK,AUDUSDi,0.71865,0.71888
1483395002,TICK,EURAUDi,1.45440,1.45617
1483395002,TICK,USDCADi,1.34454,1.34503
1483395000,TICK,GBPCADi,1.64993,1.65279
1483395001,TICK,GBPAUDi,1.70753,1.71015
1483395003,TICK,EURUSDi,1.04555,1.04618
1483395003,TICK,EURJPYi,122.79600,122.89400
1483395003,TICK,AUDJPYi,84.40000,84.43100
1483395003,TICK,USDJPYi,117.44500,117.46800
1483395004,TICK,EURUSDi,1.04551,1.04618
1483395004,TICK,AUDUSDi,0.71864,0.71888
1483395004,TICK,EURJPYi,122.77600,122.89400
1483395004,TICK,AUDJPYi,84.39900,84.43100
1483395004,TICK,USDCADi,1.34454,1.34493
1483395007,TICK,EURUSDi,1.04552,1.04619
1483395006,TICK,EURJPYi,122.77300,122.89400
1483395006,TICK,USDCADi,1.34454,1.34494
1483395011,TICK,EURUSDi,1.04556,1.04619
1483395010,TICK,AUDUSDi,0.71864,0.71887
1483395011,TICK,EURJPYi,122.78400,122.89600
1483395010,TICK,AUDJPYi,84.39000,84.43100
1483395011,TICK,USDCADi,1.34454,1.34501
1483395011,TICK,GBPAUDi,1.70753,1.70993
1483395017,TICK,EURUSDi,1.04557,1.04619
1483395016,TICK,AUDJPYi,84.39700,84.43100
1483395016,TICK,USDCHFi,1.02312,1.02398
1483395018,TICK,EURUSDi,1.04558,1.04619
1483395017,TICK,EURJPYi,122.79400,122.89500
1483395018,TICK,USDCHFi,1.02317,1.02398
1483395019,TICK,EURUSDi,1.04557,1.04619
1483395018,TICK,EURJPYi,122.79500,122.90500
1483395019,TICK,AUDJPYi,84.39400,84.44400
1483395018,TICK,USDCADi,1.34454,1.34506
1483395019,TICK,USDJPYi,117.44300,117.47800
1483395020,TICK,EURUSDi,1.04551,1.04619
1483395020,TICK,EURAUDi,1.45445,1.45607
1483395020,TICK,USDCADi,1.34454,1.34504
1483395020,TICK,GBPAUDi,1.70768,1.70993
1483395026,TICK,EURUSDi,1.04560,1.04619
1483395021,TICK,GBPUSDi,1.22764,1.22859
1483395024,TICK,AUDUSDi,0.71864,0.71887
1483395025,TICK,EURJPYi,122.79900,122.90700
1483395026,TICK,AUDJPYi,84.39800,84.44500
1483395025,TICK,USDJPYi,117.44400,117.47800
1483395025,TICK,USDCHFi,1.02310,1.02408
1483395028,TICK,EURUSDi,1.04568,1.04624
1483395027,TICK,USDCHFi,1.02307,1.02408
1483395029,TICK,EURUSDi,1.04552,1.04624
1483395029,TICK,USDJPYi,117.45300,117.47800
1483395029,TICK,USDCHFi,1.02307,1.02399
1483395033,TICK,EURUSDi,1.04559,1.04626
1483395032,TICK,EURGBPi,0.85140,0.85186
1483395031,TICK,EURAUDi,1.45456,1.45607
1483395032,TICK,USDJPYi,117.43800,117.47800
1483395030,TICK,USDCHFi,1.02305,1.02399
1483395033,TICK,EURAUDi,1.45456,1.45625
1483395060,TICK,EURUSDi,1.04559,1.04624
1483395034,TICK,EURGBPi,0.85138,0.85186
1483395060,TICK,EURJPYi,122.83600,122.92000
1483395057,TICK,AUDJPYi,84.40800,84.45200
1483395037,TICK,EURAUDi,1.45454,1.45625
1483395053,TICK,USDCADi,1.34454,1.34502
1483395046,TICK,USDJPYi,117.44700,117.48800
1483395047,TICK,USDCHFi,1.02311,1.02399
1483395061,TICK,EURUSDi,1.04559,1.04626
1483395061,TICK,GBPUSDi,1.22767,1.22827
1483395061,TICK,AUDUSDi,0.71856,0.71868
1483395061,TICK,AUDJPYi,84.39800,84.44600
1483395060,TICK,EURAUDi,1.45473,1.45644
1483395060,TICK,USDCADi,1.34454,1.34494
1483395060,TICK,USDJPYi,117.45800,117.48800
1483395060,TICK,GBPCADi,1.65005,1.65256
1483395061,TICK,AUDCADi,0.96613,0.96666
1483395060,TICK,GBPAUDi,1.70792,1.71014
1483395062,TICK,EURUSDi,1.04559,1.04624
1483395062,TICK,GBPUSDi,1.22767,1.22830
1483395062,TICK,EURJPYi,122.84600,122.93500
1483395062,TICK,AUDJPYi,84.39800,84.44200
1483395062,TICK,USDCADi,1.34454,1.34499
1483395062,TICK,USDJPYi,117.47000,117.48800
1483395062,TICK,AUDCADi,0.96613,0.96661
1483395062,TICK,USDCHFi,1.02302,1.02399
1483395063,TICK,EURUSDi,1.04559,1.04623
1483395063,TICK,GBPUSDi,1.22767,1.22843
1483395063,TICK,EURJPYi,122.85000,122.93500
1483395063,TICK,USDCADi,1.34460,1.34549
1483395063,TICK,USDJPYi,117.46800,117.48800
1483395063,TICK,GBPCADi,1.65039,1.65288
1483395063,TICK,AUDCADi,0.96613,0.96687
1483395063,TICK,USDCHFi,1.02305,1.02399
1483395065,TICK,EURUSDi,1.04559,1.04618
1483395065,TICK,EURGBPi,0.85138,0.85184
1483395065,TICK,GBPUSDi,1.22767,1.22846
1483395065,TICK,EURJPYi,122.84800,122.91000
1483395065,TICK,AUDJPYi,84.39900,84.43600
1483395065,TICK,USDCADi,1.34498,1.34529
1483395064,TICK,USDJPYi,117.46100,117.48800
1483395065,TICK,GBPCADi,1.65081,1.65336
1483395065,TICK,AUDCADi,0.96608,0.96682
1483395065,TICK,USDCHFi,1.02309,1.02399
1483395063,TICK,GBPAUDi,1.70792,1.71013
1483395067,TICK,EURUSDi,1.04559,1.04619
1483395067,TICK,GBPUSDi,1.22767,1.22851
1483395067,TICK,EURJPYi,122.84100,122.91000
1483395067,TICK,USDCADi,1.34512,1.34527
1483395067,TICK,USDJPYi,117.45900,117.48800
1483395066,TICK,GBPCADi,1.65094,1.65309
1483395067,TICK,AUDCADi,0.96623,0.96681
1483395067,TICK,USDCHFi,1.02308,1.02397
1483395067,TICK,GBPAUDi,1.70792,1.71016
1483395071,TICK,EURUSDi,1.04559,1.04622
1483395070,TICK,GBPUSDi,1.22766,1.22850
1483395071,TICK,AUDUSDi,0.71866,0.71885
1483395069,TICK,EURJPYi,122.84600,122.91000
1483395071,TICK,AUDJPYi,84.40300,84.45400
1483395069,TICK,EURAUDi,1.45453,1.45624
1483395069,TICK,USDCADi,1.34503,1.34518
1483395069,TICK,USDJPYi,117.46900,117.48800
1483395071,TICK,GBPCADi,1.65089,1.65307
1483395071,TICK,AUDCADi,0.96648,0.96691
1483395069,TICK,USDCHFi,1.02310,1.02397
1483395070,TICK,GBPAUDi,1.70767,1.71002
1483395079,TICK,EURUSDi,1.04559,1.04621
1483395071,TICK,GBPUSDi,1.22766,1.22850
1483395072,TICK,AUDUSDi,0.71866,0.71884
1483395078,TICK,EURJPYi,122.84100,122.91000
1483395074,TICK,AUDJPYi,84.40900,84.45400
1483395075,TICK,USDCADi,1.34438,1.34502
1483395075,TICK,USDJPYi,117.45900,117.48800
1483395075,TICK,GBPCADi,1.65027,1.65273
1483395077,TICK,AUDCADi,0.96613,0.96686
1483395077,TICK,USDCHFi,1.02307,1.02397
1483395076,TICK,GBPAUDi,1.70767,1.70994
1483395087,TICK,EURUSDi,1.04559,1.04630
1483395087,TICK,EURGBPi,0.85138,0.85186
1483395081,TICK,GBPUSDi,1.22765,1.22850
1483395087,TICK,AUDUSDi,0.71866,0.71889
1483395087,TICK,EURJPYi,122.84500,122.91500
1483395079,TICK,AUDJPYi,84.41100,84.45400
1483395086,TICK,USDCADi,1.34438,1.34542
1483395087,TICK,USDJPYi,117.46000,117.48800
1483395086,TICK,GBPCADi,1.65027,1.65273
1483395086,TICK,AUDCADi,0.96613,0.96696
1483395087,TICK,USDCHFi,1.02308,1.02399
1483395086,TICK,GBPAUDi,1.70767,1.70992
1483395089,TICK,EURUSDi,1.04561,1.04638
1483395088,TICK,EURAUDi,1.45458,1.45619
1483395088,TICK,USDJPYi,117.45900,117.48800
1483395088,TICK,AUDCADi,0.96613,0.96695
1483395088,TICK,USDCHFi,1.02307,1.02399
1483395088,TICK,GBPAUDi,1.70773,1.70982
1483395093,TICK,EURUSDi,1.04561,1.04637
1483395093,TICK,USDCHFi,1.02306,1.02397
1483395100,TICK,EURUSDi,1.04561,1.04631
1483395100,TICK,EURGBPi,0.85138,0.85184
1483395100,TICK,EURJPYi,122.83800,122.91000
1483395094,TICK,USDCADi,1.34431,1.34542
1483395098,TICK,USDJPYi,117.46300,117.48800
1483395094,TICK,AUDCADi,0.96608,0.96695
1483395094,TICK,USDCHFi,1.02306,1.02395
1483395102,TICK,EURUSDi,1.04561,1.04632
1483395101,TICK,EURJPYi,122.84000,122.91000
1483395101,TICK,USDCHFi,1.02310,1.02392
1483395103,TICK,EURUSDi,1.04561,1.04631
1483395108,TICK,EURUSDi,1.04562,1.04631
1483395108,TICK,EURJPYi,122.84000,122.91100
1483395108,TICK,AUDJPYi,84.40100,84.45400
1483395108,TICK,USDJPYi,117.46300,117.47800
1483395111,TICK,EURUSDi,1.04562,1.04636
1483395111,TICK,EURJPYi,122.84300,122.91100
1483395110,TICK,AUDJPYi,84.40600,84.45400
1483395110,TICK,USDJPYi,117.46800,117.48800
1483395109,TICK,USDCHFi,1.02308,1.02392
1483395112,TICK,EURUSDi,1.04562,1.04641
1483395111,TICK,AUDJPYi,84.40800,84.45400
1483395111,TICK,USDJPYi,117.46700,117.48800
1483395113,TICK,EURUSDi,1.04562,1.04643
1483395112,TICK,GBPUSDi,1.22767,1.22842
1483395112,TICK,EURJPYi,122.84200,122.91100
1483395112,TICK,USDJPYi,117.46300,117.48800
1483395112,TICK,GBPCADi,1.65030,1.65262
1483395112,TICK,GBPAUDi,1.70776,1.70972
1483395116,TICK,EURUSDi,1.04562,1.04644
1483395116,TICK,EURJPYi,122.83600,122.91100
1483395116,TICK,AUDJPYi,84.40400,84.45400
1483395116,TICK,USDJPYi,117.46000,117.47900
1483395115,TICK,USDCHFi,1.02308,1.02392
1483395117,TICK,EURUSDi,1.04562,1.04643
1483395117,TICK,AUDJPYi,84.40400,84.45200
1483395117,TICK,EURJPYi,122.83700,122.91100
1483395117,TICK,USDJPYi,117.45700,117.47900
1483395118,TICK,EURUSDi,1.04562,1.04643
1483395132,TICK,EURUSDi,1.04562,1.04642
1483395131,TICK,EURJPYi,122.82700,122.90600
1483395128,TICK,AUDJPYi,84.40500,84.44600
1483395125,TICK,EURAUDi,1.45438,1.45604
1483395131,TICK,USDCADi,1.34433,1.34555
1483395131,TICK,USDJPYi,117.43600,117.47700
1483395125,TICK,GBPCADi,1.65045,1.65307
1483395125,TICK,AUDCADi,0.96611,0.96727
1483395132,TICK,USDCHFi,1.02308,1.02392
1483395125,TICK,GBPAUDi,1.70748,1.70952
1483395133,TICK,EURUSDi,1.04562,1.04643
1483395137,TICK,EURUSDi,1.04562,1.04641
1483395136,TICK,AUDUSDi,0.71867,0.71890
1483395136,TICK,EURJPYi,122.83600,122.90500
1483395135,TICK,AUDJPYi,84.40700,84.45400
1483395134,TICK,USDJPYi,117.45200,117.48600
1483395134,TICK,USDCHFi,1.02310,1.02390
1483395135,TICK,GBPAUDi,1.70747,1.70951
1483395138,TICK,EURUSDi,1.04562,1.04643
1483395141,TICK,EURUSDi,1.04618,1.04637
1483395141,TICK,EURGBPi,0.85138,0.85194
1483395141,TICK,EURJPYi,122.84300,122.93000
1483395139,TICK,AUDJPYi,84.40900,84.45400
1483395140,TICK,EURAUDi,1.45461,1.45593
1483395140,TICK,USDJPYi,117.45600,117.48600
1483395140,TICK,AUDCADi,0.96617,0.96714
1483395140,TICK,GBPAUDi,1.70779,1.70936
1483395141,TICK,EURAUDi,1.45463,1.45594
1483395141,TICK,USDJPYi,117.45200,117.48600
1483395141,TICK,USDCHFi,1.02297,1.02390
1483395145,TICK,EURUSDi,1.04573,1.04653
1483395145,TICK,EURGBPi,0.85140,0.85184
1483395145,TICK,EURJPYi,122.85000,122.90500
1483395145,TICK,EURAUDi,1.45452,1.45645
1483395145,TICK,USDJPYi,117.45200,117.48600
1483395142,TICK,USDCHFi,1.02297,1.02389
1483395145,TICK,USDCHFi,1.02309,1.02389
1483395146,TICK,EURUSDi,1.04561,1.04642
1483395148,TICK,EURUSDi,1.04561,1.04644
1483395147,TICK,EURJPYi,122.83600,122.90500
1483395147,TICK,EURAUDi,1.45466,1.45630
1483395147,TICK,USDJPYi,117.45200,117.48600
1483395147,TICK,USDCHFi,1.02311,1.02389
1483395150,TICK,EURUSDi,1.04561,1.04643
1483395149,TICK,EURJPYi,122.83500,122.90500
1483395150,TICK,AUDJPYi,84.40500,84.45200
1483395149,TICK,USDJPYi,117.44500,117.47600
1483395150,TICK,USDCHFi,1.02311,1.02389
1483395162,TICK,EURUSDi,1.04561,1.04638
1483395161,TICK,EURJPYi,122.82900,122.90500
1483395154,TICK,AUDJPYi,84.40500,84.44800
1483395160,TICK,USDCADi,1.34430,1.34555
1483395160,TICK,USDJPYi,117.44300,117.47600
1483395160,TICK,GBPCADi,1.65034,1.65284
1483395160,TICK,AUDCADi,0.96613,0.96703
1483395154,TICK,USDCHFi,1.02313,1.02389
1483395152,TICK,GBPAUDi,1.70778,1.70936
1483395163,TICK,EURUSDi,1.04561,1.04635
1483395164,TICK,EURUSDi,1.04561,1.04634
1483395164,TICK,EURJPYi,122.82700,122.90500
1483395164,TICK,AUDJPYi,84.40500,84.44700
1483395178,TICK,EURUSDi,1.04561,1.04635
1483395177,TICK,EURJPYi,122.82000,122.90000
1483395174,TICK,AUDJPYi,84.40500,84.44600
1483395176,TICK,USDJPYi,117.43500,117.47300
1483395196,TICK,EURUSDi,1.04561,1.04653
1483395188,TICK,GBPUSDi,1.22769,1.22837
1483395196,TICK,EURJPYi,122.83200,122.90000
1483395192,TICK,AUDJPYi,84.40000,84.44500
1483395185,TICK,USDCADi,1.34430,1.34539
1483395196,TICK,USDJPYi,117.45800,117.47300
1483395188,TICK,GBPCADi,1.65038,1.65253
1483395185,TICK,AUDCADi,0.96613,0.96693
1483395188,TICK,GBPAUDi,1.70781,1.70931
1483395198,TICK,EURUSDi,1.04561,1.04652
1483395198,TICK,EURJPYi,122.83300,122.90000
1483395198,TICK,USDJPYi,117.45700,117.47300
1483395201,TICK,EURUSDi,1.04561,1.04653
1483395201,TICK,EURJPYi,122.83500,122.90000
1483395203,TICK,EURUSDi,1.04563,1.04652
1483395203,TICK,EURJPYi,122.83800,122.90000
1483395203,TICK,USDCHFi,1.02311,1.02389
1483395202,TICK,GBPAUDi,1.70781,1.70932
1483395204,TICK,EURUSDi,1.04567,1.04652
1483395204,TICK,USDCHFi,1.02310,1.02389
1483395204,TICK,AUDUSDi,0.71872,0.71892
1483395204,TICK,AUDJPYi,84.40000,84.44800
1483395206,TICK,EURUSDi,1.04570,1.04645
1483395205,TICK,AUDJPYi,84.40200,84.44800
1483395207,TICK,EURUSDi,1.04572,1.04647
1483395206,TICK,AUDUSDi,0.71873,0.71892
1483395206,TICK,AUDJPYi,84.40300,84.44900
1483395207,TICK,USDCHFi,1.02328,1.02391
1483395207,TICK,EURJPYi,122.83700,122.90000
1483395208,TICK,EURUSDi,1.04565,1.04643
1483395208,TICK,AUDJPYi,84.40500,84.44900
1483395207,TICK,EURAUDi,1.45466,1.45601
1483395208,TICK,USDCHFi,1.02328,1.02400
1483395209,TICK,EURUSDi,1.04563,1.04643
1483395209,TICK,USDCHFi,1.02328,1.02403
1483395212,TICK,EURUSDi,1.04568,1.04643
1483395212,TICK,EURJPYi,122.82800,122.90000
1483395212,TICK,AUDJPYi,84.40700,84.44900
1483395211,TICK,USDJPYi,117.43400,117.47300
1483395211,TICK,AUDCADi,0.96618,0.96693
1483395211,TICK,USDCHFi,1.02313,1.02387
1483395213,TICK,EURUSDi,1.04570,1.04643
1483395213,TICK,AUDUSDi,0.71873,0.71891
1483395213,TICK,EURJPYi,122.82900,122.90000
1483395214,TICK,EURUSDi,1.04571,1.04643
1483395214,TICK,EURJPYi,122.82800,122.90000
1483395214,TICK,USDCHFi,1.02313,1.02382
1483395216,TICK,EURUSDi,1.04566,1.04643
1483395215,TICK,EURJPYi,122.82900,122.90000
1483395215,TICK,USDCHFi,1.02296,1.02414
1483395217,TICK,EURUSDi,1.04565,1.04643
1483395217,TICK,USDCHFi,1.02294,1.02414
1483395218,TICK,EURUSDi,1.04565,1.04644
1483395219,TICK,EURUSDi,1.04567,1.04644
1483395218,TICK,EURJPYi,122.83000,122.90000
1483395220,TICK,EURUSDi,1.04568,1.04644
1483395220,TICK,EURJPYi,122.82800,122.90000
1483395219,TICK,GBPCADi,1.65039,1.65254
1483395219,TICK,GBPAUDi,1.70781,1.70933
1483395220,TICK,USDCADi,1.34430,1.34526
1483395220,TICK,USDCHFi,1.02293,1.02414
1483395221,TICK,EURUSDi,1.04583,1.04644
1483395221,TICK,EURGBPi,0.85164,0.85184
1483395220,TICK,AUDJPYi,84.43200,84.44900
1483395220,TICK,USDJPYi,117.44100,117.47300
1483395222,TICK,EURUSDi,1.04580,1.04644
1483395222,TICK,EURJPYi,122.82900,122.90000
1483395221,TICK,USDCHFi,1.02306,1.02410
1483395223,TICK,EURUSDi,1.04580,1.04634
1483395223,TICK,EURJPYi,122.81800,122.90000
1483395222,TICK,AUDJPYi,84.42100,84.44900
1483395223,TICK,GBPAUDi,1.70782,1.70932
1483395228,TICK,EURUSDi,1.04594,1.04634
1483395224,TICK,GBPUSDi,1.22769,1.22837
1483395228,TICK,EURJPYi,122.84500,122.90700
1483395225,TICK,AUDJPYi,84.42100,84.45100
1483395228,TICK,EURAUDi,1.45510,1.45593
1483395226,TICK,USDJPYi,117.44400,117.47600
1483395226,TICK,GBPCADi,1.65040,1.65255
1483395227,TICK,USDCHFi,1.02307,1.02410
1483395232,TICK,EURUSDi,1.04597,1.04640
1483395231,TICK,GBPUSDi,1.22769,1.22836
1483395232,TICK,EURJPYi,122.86100,122.90700
1483395231,TICK,AUDJPYi,84.41100,84.45100
1483395230,TICK,GBPCADi,1.65039,1.65254
1483395229,TICK,USDCHFi,1.02306,1.02410
1483395230,TICK,GBPAUDi,1.70781,1.70932
1483395233,TICK,EURUSDi,1.04595,1.04640
1483395233,TICK,EURJPYi,122.85900,122.90700
1483395232,TICK,EURAUDi,1.45510,1.45582
1483395234,TICK,EURUSDi,1.04596,1.04640
1483395234,TICK,EURJPYi,122.85800,122.90700
1483395235,TICK,EURUSDi,1.04597,1.04640
1483395236,TICK,EURUSDi,1.04596,1.04640
1483395235,TICK,EURJPYi,122.86100,122.90700
1483395235,TICK,AUDJPYi,84.40600,84.45100
1483395237,TICK,EURUSDi,1.04597,1.04640
1483395236,TICK,EURJPYi,122.86600,122.90700
1483395237,TICK,EURAUDi,1.45514,1.45582
1483395237,TICK,USDCHFi,1.02297,1.02407
1483395238,TICK,EURUSDi,1.04596,1.04640
1483395238,TICK,EURJPYi,122.86900,122.90700
1483395238,TICK,EURAUDi,1.45510,1.45582
1483395240,TICK,EURUSDi,1.04597,1.04640
1483395239,TICK,EURGBPi,0.85157,0.85184
1483395239,TICK,GBPUSDi,1.22768,1.22836
1483395240,TICK,EURGBPi,0.85163,0.85184
1483395240,TICK,EURAUDi,1.45517,1.45582
1483395241,TICK,EURUSDi,1.04604,1.04640
1483395241,TICK,EURGBPi,0.85163,0.85184
1483395241,TICK,EURJPYi,122.87000,122.90700
1483395240,TICK,AUDJPYi,84.40600,84.44500
1483395241,TICK,EURAUDi,1.45510,1.45582
1483395242,TICK,EURUSDi,1.04604,1.04640
1483395242,TICK,EURGBPi,0.85163,0.85184
1483395242,TICK,EURJPYi,122.86800,122.90700
1483395242,TICK,EURAUDi,1.45510,1.45579
1483395243,TICK,EURUSDi,1.04597,1.04640
1483395243,TICK,EURJPYi,122.86700,122.90700
1483395244,TICK,EURUSDi,1.04604,1.04648
1483395243,TICK,EURGBPi,0.85163,0.85184
1483395244,TICK,EURJPYi,122.87000,122.90700
1483395244,TICK,EURAUDi,1.45516,1.45579
1483395244,TICK,EURGBPi,0.85157,0.85184
1483395245,TICK,EURUSDi,1.04584,1.04634
1483395245,TICK,EURGBPi,0.85143,0.85184
1483395245,TICK,EURJPYi,122.84400,122.90500
1483395245,TICK,EURAUDi,1.45483,1.45595
1483395248,TICK,EURUSDi,1.04587,1.04634
1483395248,TICK,EURJPYi,122.85800,122.90500
1483395248,TICK,AUDJPYi,84.40600,84.44500
1483395248,TICK,EURAUDi,1.45494,1.45601
1483395248,TICK,USDJPYi,117.44100,117.47600
1483395247,TICK,USDCHFi,1.02296,1.02406
1483395260,TICK,EURUSDi,1.04594,1.04634
1483395260,TICK,EURGBPi,0.85155,0.85184
1483395260,TICK,EURJPYi,122.86700,122.90500
1483395255,TICK,AUDJPYi,84.40400,84.45300
1483395260,TICK,EURAUDi,1.45505,1.45611
1483395260,TICK,USDJPYi,117.44400,117.47800
1483395257,TICK,USDCHFi,1.02296,1.02407
1483395262,TICK,EURUSDi,1.04589,1.04634
1483395262,TICK,EURGBPi,0.85151,0.85184
1483395261,TICK,GBPUSDi,1.22769,1.22837
1483395262,TICK,EURJPYi,122.83500,122.90500
1483395260,TICK,AUDJPYi,84.40400,84.44700
1483395262,TICK,EURAUDi,1.45505,1.45608
1483395261,TICK,GBPCADi,1.65040,1.65254
1483395261,TICK,GBPAUDi,1.70782,1.70932
1483395263,TICK,EURUSDi,1.04588,1.04634
1483395326,TICK,EURUSDi,1.04587,1.04634
1483395313,TICK,GBPUSDi,1.22769,1.22837
1483395326,TICK,EURJPYi,122.82600,122.90000
1483395319,TICK,AUDJPYi,84.40600,84.43900
1483395326,TICK,USDCADi,1.34430,1.34526
1483395326,TICK,USDJPYi,117.44400,117.47600
1483395313,TICK,GBPCADi,1.65040,1.65254
1483395320,TICK,USDCHFi,1.02294,1.02407
1483395313,TICK,GBPAUDi,1.70782,1.70931
1483395327,TICK,EURUSDi,1.04592,1.04648
1483395327,TICK,EURJPYi,122.83900,122.90000
1483395327,TICK,USDJPYi,117.44400,117.47600
1483395330,TICK,EURUSDi,1.04595,1.04648
1483395329,TICK,EURJPYi,122.84300,122.90000
1483395330,TICK,AUDJPYi,84.40800,84.43900
1483395328,TICK,USDJPYi,117.44400,117.47600
1483395330,TICK,EURGBPi,0.85157,0.85184
1483395330,TICK,EURJPYi,122.85100,122.90000
1483395330,TICK,EURAUDi,1.45507,1.45612
1483395331,TICK,EURUSDi,1.04605,1.04653
1483395341,TICK,EURUSDi,1.04605,1.04655
1483395341,TICK,EURJPYi,122.85900,122.90000
1483395334,TICK,AUDJPYi,84.41000,84.43900
1483395336,TICK,USDJPYi,117.45000,117.47400
1483395340,TICK,GBPCADi,1.65039,1.65254
1483395340,TICK,USDCHFi,1.02295,1.02408
1483395345,TICK,EURUSDi,1.04605,1.04658
1483395345,TICK,EURGBPi,0.85157,0.85186
1483395345,TICK,EURJPYi,122.85800,122.90500
1483395345,TICK,EURAUDi,1.45533,1.45622
1483395419,TICK,EURUSDi,1.04606,1.04645
1483395411,TICK,EURGBPi,0.85166,0.85186
1483395354,TICK,GBPUSDi,1.22768,1.22837
1483395415,TICK,AUDUSDi,0.71872,0.71890
1483395419,TICK,EURJPYi,122.87400,122.90500
1483395417,TICK,AUDJPYi,84.40400,84.45100
1483395417,TICK,EURAUDi,1.45526,1.45658
1483395417,TICK,USDCADi,1.34430,1.34523
1483395419,TICK,USDJPYi,117.45300,117.47500
1483395402,TICK,GBPCADi,1.65038,1.65254
1483395416,TICK,AUDCADi,0.96613,0.96692
1483395413,TICK,USDCHFi,1.02290,1.02416
1483395415,TICK,GBPAUDi,1.70784,1.70933
1483395448,TICK,EURUSDi,1.04606,1.04657
1483395440,TICK,EURJPYi,122.86300,122.90500
1483395448,TICK,AUDJPYi,84.40700,84.43600
1483395448,TICK,EURAUDi,1.45533,1.45658
1483395448,TICK,USDCADi,1.34430,1.34526
1483395447,TICK,USDJPYi,117.45400,117.47500
1483395442,TICK,GBPAUDi,1.70784,1.70932
1483395448,TICK,EURJPYi,122.85700,122.90500
1483395448,TICK,USDJPYi,117.45700,117.47500
1483395450,TICK,EURUSDi,1.04606,1.04657
1483395449,TICK,EURGBPi,0.85153,0.85186
1483395449,TICK,GBPUSDi,1.22783,1.22862
1483395449,TICK,EURJPYi,122.86000,122.90500
1483395449,TICK,AUDJPYi,84.40700,84.43600
1483395449,TICK,EURAUDi,1.45526,1.45658
1483395449,TICK,GBPCADi,1.65057,1.65285
1483395449,TICK,GBPAUDi,1.70803,1.70964
1483395450,TICK,EURJPYi,122.85600,122.90500
1483395450,TICK,EURAUDi,1.45533,1.45658
1483395450,TICK,USDJPYi,117.45200,117.47700
1483395460,TICK,EURUSDi,1.04607,1.04645
1483395460,TICK,GBPUSDi,1.22784,1.22863
1483395459,TICK,EURJPYi,122.86200,122.90500
1483395457,TICK,AUDJPYi,84.40600,84.43600
1483395457,TICK,USDJPYi,117.45200,117.47600
1483395460,TICK,GBPCADi,1.65057,1.65286
1483395456,TICK,USDCHFi,1.02295,1.02416
1483395461,TICK,EURUSDi,1.04605,1.04645
1483395461,TICK,GBPUSDi,1.22784,1.22863
1483395461,TICK,EURJPYi,122.86800,122.90500
1483395471,TICK,EURUSDi,1.04605,1.04652
1483395471,TICK,EURGBPi,0.85153,0.85189
1483395469,TICK,GBPUSDi,1.22774,1.22854
1483395468,TICK,AUDUSDi,0.71869,0.71893
1483395471,TICK,EURJPYi,122.85400,122.91500
1483395463,TICK,AUDJPYi,84.40300,84.43600
1483395466,TICK,USDJPYi,117.45300,117.47600
1483395469,TICK,GBPCADi,1.65046,1.65275
1483395471,TICK,USDCHFi,1.02290,1.02416
1483395469,TICK,GBPAUDi,1.70783,1.70949
1483395475,TICK,EURUSDi,1.04605,1.04660
1483395475,TICK,EURGBPi,0.85157,0.85194
1483395473,TICK,GBPUSDi,1.22774,1.22848
1483395475,TICK,EURJPYi,122.85300,122.93000
1483395479,TICK,EURUSDi,1.04605,1.04666
1483395479,TICK,EURGBPi,0.85157,0.85199
1483395478,TICK,GBPUSDi,1.22774,1.22850
1483395480,TICK,EURJPYi,122.86400,122.94000
1483395479,TICK,AUDJPYi,84.40300,84.45100
1483395479,TICK,EURAUDi,1.45533,1.45667
1483395478,TICK,USDJPYi,117.45800,117.47900
1483395478,TICK,GBPAUDi,1.70783,1.70948
1483395484,TICK,EURUSDi,1.04605,1.04676
1483395484,TICK,EURGBPi,0.85160,0.85254
1483395484,TICK,GBPUSDi,1.22774,1.22847
1483395484,TICK,EURJPYi,122.87500,122.95000
1483395484,TICK,EURAUDi,1.45533,1.45674
1483395480,TICK,GBPCADi,1.65045,1.65268
1483395480,TICK,GBPAUDi,1.70782,1.70941
1483395488,TICK,EURUSDi,1.04605,1.04686
1483395488,TICK,EURGBPi,0.85161,0.85255
1483395488,TICK,EURJPYi,122.87200,122.96500
1483395488,TICK,GBPAUDi,1.70782,1.70943
1483395489,TICK,EURUSDi,1.04605,1.04685
1483395491,TICK,EURUSDi,1.04605,1.04686
1483395489,TICK,GBPUSDi,1.22774,1.22849
1483395490,TICK,EURJPYi,122.88200,122.96500
1483395491,TICK,AUDJPYi,84.39900,84.43700
1483395491,TICK,EURAUDi,1.45533,1.45679
1483395490,TICK,GBPCADi,1.65046,1.65268
1483395490,TICK,GBPAUDi,1.70782,1.70942
1483395495,TICK,EURUSDi,1.04605,1.04685
1483395494,TICK,EURJPYi,122.87800,122.96500
1483395495,TICK,USDJPYi,117.46200,117.47900
1483395503,TICK,EURUSDi,1.04605,1.04683
1483395498,TICK,GBPUSDi,1.22774,1.22842
1483395497,TICK,EURJPYi,122.88000,122.96500
1483395497,TICK,USDJPYi,117.45800,117.47900
1483395498,TICK,GBPAUDi,1.70783,1.70941
1483395508,TICK,EURUSDi,1.04619,1.04686
1483395508,TICK,EURGBPi,0.85168,0.85255
1483395508,TICK,EURJPYi,122.88400,122.96000
1483395505,TICK,AUDJPYi,84.39700,84.43700
1483395508,TICK,EURAUDi,1.45535,1.45680
1483395506,TICK,USDJPYi,117.45500,117.47600
1483395506,TICK,GBPCADi,1.65045,1.65268
1483395508,TICK,GBPUSDi,1.22774,1.22839
1483395513,TICK,EURUSDi,1.04629,1.04684
1483395513,TICK,EURGBPi,0.85177,0.85254
1483395513,TICK,GBPUSDi,1.22775,1.22842
1483395513,TICK,EURJPYi,122.88400,122.95000
1483395510,TICK,USDCHFi,1.02290,1.02404
1483395511,TICK,GBPAUDi,1.70782,1.70941
1483395514,TICK,EURUSDi,1.04630,1.04680
1483395514,TICK,EURJPYi,122.87800,122.95000
1483395514,TICK,GBPUSDi,1.22775,1.22841
1483395514,TICK,EURGBPi,0.85176,0.85255
1483395514,TICK,EURAUDi,1.45548,1.45678
1483395515,TICK,EURUSDi,1.04631,1.04680
1483395515,TICK,EURJPYi,122.88400,122.95000
1483395515,TICK,EURAUDi,1.45555,1.45680
1483395517,TICK,EURUSDi,1.04630,1.04680
1483395517,TICK,EURAUDi,1.45552,1.45680
1483395516,TICK,GBPCADi,1.65044,1.65267
1483395518,TICK,EURUSDi,1.04629,1.04680
1483395518,TICK,EURJPYi,122.88000,122.95000
1483395518,TICK,EURAUDi,1.45551,1.45680
1483395518,TICK,EURGBPi,0.85178,0.85255
1483395519,TICK,EURUSDi,1.04620,1.04680
1483395519,TICK,EURGBPi,0.85170,0.85255
1483395519,TICK,EURJPYi,122.88100,122.95000
1483395519,TICK,EURAUDi,1.45537,1.45660
1483395520,TICK,EURUSDi,1.04632,1.04680
1483395520,TICK,EURAUDi,1.45553,1.45680
1483395520,TICK,EURGBPi,0.85179,0.85255
1483395520,TICK,USDCHFi,1.02290,1.02403
1483395521,TICK,EURUSDi,1.04629,1.04680
1483395521,TICK,EURAUDi,1.45551,1.45679
1483395521,TICK,EURJPYi,122.88200,122.95000
1483395522,TICK,EURUSDi,1.04631,1.04680
1483395523,TICK,EURUSDi,1.04632,1.04680
1483395540,TICK,EURUSDi,1.04632,1.04684
1483395540,TICK,EURGBPi,0.85172,0.85255
1483395540,TICK,EURJPYi,122.87900,122.95500
1483395529,TICK,AUDJPYi,84.39600,84.43700
1483395540,TICK,EURAUDi,1.45540,1.45661
1483395529,TICK,USDCADi,1.34429,1.34526
1483395537,TICK,USDJPYi,117.45800,117.47700
1483395526,TICK,GBPCADi,1.65044,1.65266
1483395530,TICK,AUDCADi,0.96611,0.96692
1483395530,TICK,USDCHFi,1.02290,1.02404
1483395542,TICK,EURUSDi,1.04634,1.04686
1483395541,TICK,USDCHFi,1.02290,1.02403
1483395542,TICK,EURGBPi,0.85180,0.85255
1483395542,TICK,EURJPYi,122.88100,122.95500
1483395542,TICK,EURAUDi,1.45540,1.45662
1483395543,TICK,EURUSDi,1.04621,1.04685
1483395543,TICK,EURGBPi,0.85171,0.85255
1483395543,TICK,EURAUDi,1.45537,1.45661
1483395544,TICK,EURUSDi,1.04621,1.04686
1483395544,TICK,EURGBPi,0.85179,0.85255
1483395544,TICK,EURJPYi,122.88600,122.95500
1483395544,TICK,EURAUDi,1.45551,1.45665
1483395545,TICK,EURUSDi,1.04632,1.04685
1483395565,TICK,EURUSDi,1.04632,1.04686
1483395553,TICK,GBPUSDi,1.22775,1.22843
1483395553,TICK,EURJPYi,122.88300,122.95500
1483395560,TICK,AUDJPYi,84.39700,84.43800
1483395565,TICK,EURAUDi,1.45543,1.45662
1483395564,TICK,USDCADi,1.34433,1.34526
1483395552,TICK,GBPCADi,1.65044,1.65267
1483395564,TICK,AUDCADi,0.96613,0.96692
1483395555,TICK,USDCHFi,1.02296,1.02404
1483395560,TICK,GBPAUDi,1.70782,1.70943
1483395578,TICK,EURUSDi,1.04622,1.04682
1483395578,TICK,EURGBPi,0.85172,0.85255
1483395570,TICK,AUDUSDi,0.71869,0.71892
1483395578,TICK,EURJPYi,122.87800,122.95500
1483395578,TICK,EURAUDi,1.45539,1.45661
1483395584,TICK,EURUSDi,1.04643,1.04689
1483395584,TICK,EURGBPi,0.85180,0.85259
1483395580,TICK,GBPUSDi,1.22775,1.22842
1483395584,TICK,EURJPYi,122.88800,122.95500
1483395583,TICK,USDCHFi,1.02292,1.02404
1483395584,TICK,EURAUDi,1.45567,1.45685
1483395586,TICK,EURUSDi,1.04637,1.04693
1483395585,TICK,EURGBPi,0.85189,0.85259
1483395585,TICK,EURJPYi,122.88900,122.95500
1483395586,TICK,EURGBPi,0.85184,0.85259
1483395586,TICK,EURJPYi,122.89100,122.95500
1483395586,TICK,EURAUDi,1.45560,1.45675
1483395593,TICK,EURUSDi,1.04637,1.04687
1483395589,TICK,GBPUSDi,1.22775,1.22840
1483395591,TICK,EURJPYi,122.88700,122.95500
1483395592,TICK,USDCHFi,1.02292,1.02403
1483395596,TICK,EURUSDi,1.04638,1.04691
1483395594,TICK,GBPUSDi,1.22775,1.22843
1483395596,TICK,EURJPYi,122.89000,122.95500
1483395593,TICK,GBPCADi,1.65045,1.65267
1483395593,TICK,GBPAUDi,1.70783,1.70943
1483395598,TICK,EURUSDi,1.04673,1.04691
1483395598,TICK,EURGBPi,0.85184,0.85268
1483395598,TICK,EURJPYi,122.89000,122.98000
1483395598,TICK,USDCHFi,1.02289,1.02403
1483395598,TICK,EURAUDi,1.45596,1.45666
1483395598,TICK,USDJPYi,117.45800,117.47700
1483395598,TICK,GBPUSDi,1.22775,1.22843
1483395599,TICK,EURUSDi,1.04644,1.04690
1483395599,TICK,EURGBPi,0.85191,0.85269
1483395599,TICK,GBPUSDi,1.22770,1.22824
1483395599,TICK,EURJPYi,122.90800,122.96200
1483395599,TICK,EURAUDi,1.45584,1.45662
1483395598,TICK,GBPCADi,1.65038,1.65254
1483395598,TICK,GBPAUDi,1.70776,1.70930
1483395600,TICK,EURUSDi,1.04645,1.04684
1483395600,TICK,EURGBPi,0.85197,0.85269
1483395600,TICK,GBPUSDi,1.22770,1.22818
1483395600,TICK,EURJPYi,122.91100,122.96200
1483395600,TICK,EURAUDi,1.45584,1.45660
1483395600,TICK,USDCHFi,1.02289,1.02401
1483395601,TICK,EURUSDi,1.04646,1.04690
1483395601,TICK,EURGBPi,0.85197,0.85269
1483395601,TICK,GBPUSDi,1.22770,1.22820
1483395601,TICK,EURJPYi,122.91100,122.96200
1483395601,TICK,USDCHFi,1.02289,1.02401
1483395601,TICK,EURAUDi,1.45598,1.45660
1483395602,TICK,EURGBPi,0.85196,0.85269
1483395602,TICK,EURJPYi,122.93100,122.96200
1483395602,TICK,USDCHFi,1.02288,1.02390
1483395603,TICK,EURUSDi,1.04649,1.04690
1483395603,TICK,EURGBPi,0.85201,0.85269
1483395602,TICK,GBPUSDi,1.22770,1.22821
1483395606,TICK,EURUSDi,1.04666,1.04688
1483395606,TICK,EURGBPi,0.85205,0.85271
1483395606,TICK,GBPUSDi,1.22770,1.22836
1483395606,TICK,EURJPYi,122.92800,122.96700
1483395606,TICK,EURAUDi,1.45612,1.45657
1483395606,TICK,USDCHFi,1.02291,1.02390
1483395605,TICK,GBPAUDi,1.70776,1.70920
1483395606,TICK,AUDJPYi,84.38900,84.43800
1483395606,TICK,USDJPYi,117.45800,117.47700
1483395607,TICK,EURUSDi,1.04671,1.04708
1483395607,TICK,EURJPYi,122.93800,123.01100
1483395607,TICK,EURGBPi,0.85218,0.85286
1483395607,TICK,GBPUSDi,1.22771,1.22844
1483395607,TICK,EURAUDi,1.45654,1.45738
1483395607,TICK,GBPCADi,1.65041,1.65263
1483395607,TICK,USDCHFi,1.02286,1.02391
1483395607,TICK,GBPAUDi,1.70779,1.70939
1483395608,TICK,EURUSDi,1.04691,1.04733
1483395608,TICK,EURGBPi,0.85228,0.85286
1483395608,TICK,EURJPYi,122.96900,123.03000
1483395608,TICK,EURAUDi,1.45654,1.45750
1483395609,TICK,EURUSDi,1.04698,1.04733
1483395608,TICK,GBPUSDi,1.22771,1.22846
1483395609,TICK,EURJPYi,122.96900,123.03500
1483395609,TICK,EURAUDi,1.45646,1.45750
1483395609,TICK,USDCHFi,1.02282,1.02380
1483395611,TICK,EURUSDi,1.04694,1.04733
1483395611,TICK,EURGBPi,0.85236,0.85283
1483395610,TICK,GBPUSDi,1.22771,1.22845
1483395611,TICK,EURJPYi,122.96800,123.02000
1483395611,TICK,USDCHFi,1.02285,1.02380
1483395611,TICK,GBPUSDi,1.22771,1.22844
1483395611,TICK,EURAUDi,1.45641,1.45743
1483395615,TICK,EURUSDi,1.04688,1.04733
1483395615,TICK,EURGBPi,0.85229,0.85284
1483395615,TICK,EURJPYi,122.95800,123.02000
1483395615,TICK,EURAUDi,1.45634,1.45735
1483395613,TICK,USDJPYi,117.45800,117.47700
1483395615,TICK,USDCHFi,1.02279,1.02376
1483395615,TICK,GBPAUDi,1.70779,1.70938
1483395616,TICK,EURUSDi,1.04674,1.04715
1483395616,TICK,EURGBPi,0.85228,0.85280
1483395616,TICK,EURAUDi,1.45632,1.45721
1483395616,TICK,USDCHFi,1.02280,1.02385
1483395617,TICK,EURUSDi,1.04676,1.04715
1483395617,TICK,EURGBPi,0.85221,0.85279
1483395617,TICK,GBPUSDi,1.22771,1.22846
1483395617,TICK,EURJPYi,122.94500,123.01000
1483395617,TICK,USDCHFi,1.02280,1.02388
1483395619,TICK,EURUSDi,1.04679,1.04715
1483395618,TICK,EURJPYi,122.94400,123.01000
1483395619,TICK,EURAUDi,1.45632,1.45721
1483395617,TICK,GBPCADi,1.65040,1.65263
1483395617,TICK,GBPAUDi,1.70778,1.70938
1483395619,TICK,AUDUSDi,0.71869,0.71898
1483395619,TICK,AUDJPYi,84.39200,84.43800
1483395619,TICK,AUDCADi,0.96619,0.96700
1483395619,TICK,GBPAUDi,1.70771,1.70929
1483395642,TICK,EURUSDi,1.04678,1.04712
1483395641,TICK,GBPUSDi,1.22771,1.22838
1483395629,TICK,AUDUSDi,0.71869,0.71897
1483395638,TICK,EURJPYi,122.93900,123.01000
1483395628,TICK,AUDJPYi,84.39600,84.43800
1483395641,TICK,USDCADi,1.34453,1.34526
1483395639,TICK,GBPCADi,1.65056,1.65264
1483395639,TICK,AUDCADi,0.96626,0.96702
1483395640,TICK,USDCHFi,1.02283,1.02392
1483395639,TICK,GBPAUDi,1.70771,1.70927
1483395647,TICK,EURUSDi,1.04678,1.04707
1483395647,TICK,EURGBPi,0.85221,0.85276
1483395645,TICK,GBPUSDi,1.22771,1.22836
1483395647,TICK,EURJPYi,122.94100,123.00000
1483395646,TICK,AUDJPYi,84.39700,84.43800
1483395647,TICK,EURAUDi,1.45632,1.45704
1483395644,TICK,USDCADi,1.34454,1.34520
1483395644,TICK,AUDCADi,0.96628,0.96702
1483395647,TICK,USDCHFi,1.02283,1.02393
1483395667,TICK,EURUSDi,1.04682,1.04717
1483395667,TICK,EURGBPi,0.85215,0.85281
1483395655,TICK,GBPUSDi,1.22771,1.22845
1483395667,TICK,EURJPYi,122.93800,123.00200
1483395667,TICK,EURAUDi,1.45632,1.45700
1483395666,TICK,USDCADi,1.34437,1.34515
1483395662,TICK,USDJPYi,117.45600,117.47700
1483395665,TICK,GBPCADi,1.65055,1.65263
1483395655,TICK,AUDCADi,0.96626,0.96702
1483395667,TICK,USDCHFi,1.02284,1.02394
1483395667,TICK,GBPAUDi,1.70770,1.70930
1483395669,TICK,EURUSDi,1.04688,1.04717
1483395669,TICK,EURJPYi,122.94700,123.00200
1483395669,TICK,EURAUDi,1.45665,1.45700
1483395669,TICK,USDJPYi,117.45200,117.47700
1483395668,TICK,GBPCADi,1.65055,1.65264
1483395669,TICK,USDCHFi,1.02284,1.02392
1483395693,TICK,EURUSDi,1.04688,1.04717
1483395693,TICK,EURGBPi,0.85228,0.85280
1483395679,TICK,GBPUSDi,1.22771,1.22846
1483395684,TICK,EURJPYi,122.95000,123.00200
1483395689,TICK,AUDJPYi,84.39800,84.43800
1483395693,TICK,EURAUDi,1.45648,1.45699
1483395689,TICK,USDCADi,1.34437,1.34515
1483395693,TICK,USDJPYi,117.45000,117.47600
1483395684,TICK,GBPCADi,1.65043,1.65253
1483395684,TICK,AUDCADi,0.96619,0.96695
1483395693,TICK,USDCHFi,1.02289,1.02375
1483395743,TICK,EURUSDi,1.04688,1.04711
1483395743,TICK,EURGBPi,0.85228,0.85279
1483395743,TICK,EURJPYi,122.95400,122.99500
1483395722,TICK,AUDJPYi,84.39700,84.43800
1483395697,TICK,EURAUDi,1.45648,1.45697
1483395740,TICK,USDCADi,1.34437,1.34509
1483395737,TICK,USDJPYi,117.45100,117.47700
1483395725,TICK,GBPCADi,1.65044,1.65253
1483395743,TICK,USDCHFi,1.02291,1.02376
1483395697,TICK,GBPAUDi,1.70770,1.70929
1483395773,TICK,EURUSDi,1.04695,1.04710
1483395773,TICK,EURGBPi,0.85223,0.85281
1483395752,TICK,GBPUSDi,1.22777,1.22845
1483395760,TICK,AUDUSDi,0.71884,0.71891
1483395773,TICK,EURJPYi,122.97500,123.00200
1483395770,TICK,AUDJPYi,84.41200,84.45400
1483395767,TICK,EURAUDi,1.45648,1.45654
1483395766,TICK,USDCADi,1.34437,1.34513
1483395772,TICK,USDJPYi,117.45200,117.47600
1483395766,TICK,GBPCADi,1.65050,1.65252
1483395762,TICK,AUDCADi,0.96638,0.96707
1483395773,TICK,USDCHFi,1.02305,1.02376
1483395773,TICK,GBPAUDi,1.70757,1.70888
1483395774,TICK,EURUSDi,1.04699,1.04710
1483395774,TICK,EURJPYi,123.00300,123.01300
1483395774,TICK,AUDJPYi,84.42200,84.45400
1483395773,TICK,EURAUDi,1.45643,1.45656
1483395774,TICK,USDJPYi,117.45200,117.48100
1483395774,TICK,EURAUDi,1.45658,1.45665
1483395774,TICK,USDCHFi,1.02298,1.02376
1483395779,TICK,EURUSDi,1.04706,1.04710
1483395776,TICK,GBPUSDi,1.22777,1.22843
1483395776,TICK,AUDJPYi,84.42200,84.45800
1483395778,TICK,USDCADi,1.34437,1.34511
1483395776,TICK,GBPCADi,1.65050,1.65253
1483395778,TICK,USDCHFi,1.02278,1.02385
1483395782,TICK,EURUSDi,1.04706,1.04715
1483395782,TICK,EURGBPi,0.85236,0.85283
1483395782,TICK,EURJPYi,123.01500,123.02100
1483395782,TICK,AUDJPYi,84.42000,84.45800
1483395782,TICK,EURAUDi,1.45658,1.45672
1483395781,TICK,USDJPYi,117.45700,117.48000
1483395782,TICK,USDCHFi,1.02275,1.02373
1483395786,TICK,EURUSDi,1.04706,1.04717
1483395786,TICK,EURGBPi,0.85236,0.85282
1483395786,TICK,GBPUSDi,1.22776,1.22841
1483395786,TICK,AUDJPYi,84.40900,84.45700
1483395786,TICK,USDJPYi,117.45600,117.47500
1483395787,TICK,GBPCADi,1.65049,1.65251
1483395783,TICK,GBPAUDi,1.70756,1.70892
1483395787,TICK,EURUSDi,1.04706,1.04713
1483395787,TICK,EURGBPi,0.85236,0.85280
1483395793,TICK,EURUSDi,1.04706,1.04714
1483395788,TICK,GBPUSDi,1.22776,1.22840
1483395791,TICK,EURAUDi,1.45658,1.45664
1483395792,TICK,USDCADi,1.34437,1.34517
1483395789,TICK,GBPCADi,1.65059,1.65260
1483395789,TICK,AUDCADi,0.96638,0.96713
1483395792,TICK,USDCHFi,1.02287,1.02374
1483395792,TICK,GBPAUDi,1.70756,1.70887
1483395793,TICK,EURGBPi,0.85236,0.85281
1483395793,TICK,EURJPYi,123.00500,123.04300
1483395798,TICK,EURUSDi,1.04705,1.04717
1483395798,TICK,EURGBPi,0.85237,0.85282
1483395798,TICK,GBPUSDi,1.22776,1.22841
1483395797,TICK,EURJPYi,123.00100,123.01500
1483395797,TICK,AUDJPYi,84.40600,84.45200
1483395798,TICK,EURAUDi,1.45650,1.45664
1483395797,TICK,USDJPYi,117.45500,117.47500
1483395802,TICK,EURUSDi,1.04705,1.04718
1483395801,TICK,EURAUDi,1.45650,1.45668
1483395800,TICK,USDCADi,1.34437,1.34515
1483395799,TICK,GBPCADi,1.65060,1.65261
1483395801,TICK,USDCHFi,1.02291,1.02374
1483395816,TICK,EURUSDi,1.04705,1.04720
1483395816,TICK,EURGBPi,0.85234,0.85284
1483395815,TICK,GBPUSDi,1.22776,1.22841
1483395804,TICK,EURJPYi,123.01200,123.01500
1483395814,TICK,AUDJPYi,84.41600,84.45800
1483395814,TICK,EURAUDi,1.45658,1.45667
1483395811,TICK,USDJPYi,117.45600,117.47500
1483395810,TICK,GBPCADi,1.65061,1.65261
1483395813,TICK,USDCHFi,1.02290,1.02378
1483395802,TICK,GBPAUDi,1.70756,1.70891
1483395817,TICK,EURUSDi,1.04705,1.04719
1483395817,TICK,EURGBPi,0.85238,0.85284
1483395816,TICK,EURAUDi,1.45651,1.45670
1483395820,TICK,EURUSDi,1.04705,1.04720
1483395820,TICK,EURGBPi,0.85238,0.85284
1483395818,TICK,GBPUSDi,1.22776,1.22842
1483395818,TICK,AUDJPYi,84.41100,84.45800
1483395820,TICK,USDCADi,1.34437,1.34514
1483395824,TICK,EURUSDi,1.04705,1.04721
1483395824,TICK,EURGBPi,0.85234,0.85282
1483395824,TICK,EURJPYi,123.00800,123.02100
1483395824,TICK,EURAUDi,1.45658,1.45670
1483395824,TICK,USDCHFi,1.02291,1.02378
1483395822,TICK,GBPAUDi,1.70756,1.70892
1483395824,TICK,USDCADi,1.34437,1.34510
1483395824,TICK,GBPCADi,1.65060,1.65261
1483395824,TICK,AUDCADi,0.96638,0.96708
1483395836,TICK,EURUSDi,1.04701,1.04717
1483395836,TICK,EURGBPi,0.85231,0.85283
1483395835,TICK,GBPUSDi,1.22776,1.22840
1483395833,TICK,AUDJPYi,84.40900,84.45800
1483395834,TICK,EURAUDi,1.45662,1.45672
1483395835,TICK,USDCADi,1.34437,1.34513
1483395836,TICK,GBPCADi,1.65061,1.65261
1483395825,TICK,AUDCADi,0.96638,0.96713
1483395828,TICK,USDCHFi,1.02281,1.02382
1483395833,TICK,GBPAUDi,1.70762,1.70892
1483395837,TICK,EURUSDi,1.04707,1.04717
1483395836,TICK,AUDJPYi,84.40900,84.45900
1483395837,TICK,USDCADi,1.34437,1.34512
1483395838,TICK,EURUSDi,1.04707,1.04719
1483395838,TICK,USDCADi,1.34437,1.34513
1483395839,TICK,EURUSDi,1.04698,1.04719
1483395839,TICK,EURAUDi,1.45662,1.45669
1483395839,TICK,USDCADi,1.34437,1.34514
1483395838,TICK,USDCHFi,1.02282,1.02383
1483395840,TICK,EURUSDi,1.04699,1.04720
1483395840,TICK,EURGBPi,0.85237,0.85283
1483395840,TICK,USDCADi,1.34437,1.34513
1483395840,TICK,EURJPYi,122.99700,123.01500
1483395841,TICK,EURUSDi,1.04698,1.04719
1483395841,TICK,USDCHFi,1.02283,1.02390
1483395841,TICK,EURGBPi,0.85231,0.85282
1483395841,TICK,GBPUSDi,1.22784,1.22832
1483395841,TICK,GBPCADi,1.65071,1.65265
1483395841,TICK,GBPAUDi,1.70772,1.70892
1483395848,TICK,EURUSDi,1.04700,1.04721
1483395852,TICK,EURGBPi,0.85236,0.85282
1483395852,TICK,GBPUSDi,1.22783,1.22832
1483395852,TICK,AUDUSDi,0.71881,0.71896
1483395852,TICK,AUDJPYi,84.40700,84.45800
1483395852,TICK,EURAUDi,1.45662,1.45694
1483395852,TICK,USDCADi,1.34437,1.34509
1483395852,TICK,GBPCADi,1.65059,1.65253
1483395852,TICK,AUDCADi,0.96630,0.96700
1483395852,TICK,USDCHFi,1.02302,1.02392
1483395852,TICK,GBPAUDi,1.70780,1.70910
1483395860,TICK,EURUSDi,1.04699,1.04719
1483395860,TICK,EURGBPi,0.85232,0.85282
1483395855,TICK,GBPUSDi,1.22783,1.22831
1483395854,TICK,AUDJPYi,84.40700,84.45800
1483395854,TICK,EURAUDi,1.45662,1.45684
1483395860,TICK,USDJPYi,117.45600,117.47500
1483395854,TICK,AUDCADi,0.96633,0.96700
1483395860,TICK,USDCHFi,1.02303,1.02392
1483395859,TICK,GBPAUDi,1.70780,1.70890
1483395860,TICK,EURJPYi,122.99700,123.00700
1483395860,TICK,EURAUDi,1.45662,1.45677
1483395860,TICK,GBPUSDi,1.22783,1.22824
1483395860,TICK,GBPCADi,1.65058,1.65241
1483395860,TICK,GBPAUDi,1.70778,1.70889
1483395861,TICK,EURUSDi,1.04678,1.04706
1483395861,TICK,EURGBPi,0.85219,0.85274
1483395861,TICK,EURJPYi,122.95700,122.99500
1483395861,TICK,AUDJPYi,84.40700,84.45400
1483395861,TICK,EURAUDi,1.45620,1.45673
1483395861,TICK,AUDCADi,0.96638,0.96700
1483395863,TICK,EURUSDi,1.04678,1.04703
1483395863,TICK,EURGBPi,0.85219,0.85271
1483395862,TICK,GBPUSDi,1.22783,1.22823
1483395863,TICK,GBPAUDi,1.70778,1.70878
1483395863,TICK,EURJPYi,122.94300,122.99500
1483395863,TICK,AUDJPYi,84.40700,84.45000
1483395863,TICK,EURAUDi,1.45603,1.45673
1483395866,TICK,EURUSDi,1.04678,1.04700
1483395864,TICK,EURGBPi,0.85220,0.85274
1483395866,TICK,GBPUSDi,1.22783,1.22822
1483395864,TICK,EURJPYi,122.94100,122.99500
1483395865,TICK,USDJPYi,117.45400,117.47500
1483395865,TICK,USDCHFi,1.02319,1.02417
1483395873,TICK,EURUSDi,1.04678,1.04702
1483395872,TICK,GBPUSDi,1.22784,1.22827
1483395867,TICK,AUDJPYi,84.40700,84.45500
1483395868,TICK,USDCHFi,1.02319,1.02421
1483395873,TICK,GBPAUDi,1.70778,1.70871
1483395876,TICK,EURUSDi,1.04678,1.04704
1483395874,TICK,EURJPYi,122.95000,122.99500
1483395874,TICK,AUDJPYi,84.41700,84.46000
1483395874,TICK,USDJPYi,117.45500,117.47500
1483395875,TICK,USDCHFi,1.02310,1.02413
1483395889,TICK,EURUSDi,1.04683,1.04705
1483395889,TICK,EURGBPi,0.85220,0.85275
1483395890,TICK,EURJPYi,122.94100,122.99500
1483395884,TICK,AUDJPYi,84.40600,84.44700
1483395890,TICK,EURAUDi,1.45600,1.45673
1483395885,TICK,USDJPYi,117.45300,117.47500
1483395890,TICK,EURUSDi,1.04683,1.04707
1483395897,TICK,EURUSDi,1.04683,1.04705
1483395892,TICK,EURGBPi,0.85220,0.85276
1483395895,TICK,GBPUSDi,1.22784,1.22825
1483395890,TICK,AUDJPYi,84.40600,84.45200
1483395897,TICK,EURAUDi,1.45600,1.45670
1483395890,TICK,USDCADi,1.34437,1.34507
1483395891,TICK,GBPCADi,1.65055,1.65239
1483395891,TICK,AUDCADi,0.96638,0.96701
1483395895,TICK,USDCHFi,1.02309,1.02413
1483395892,TICK,GBPAUDi,1.70773,1.70872
1483395899,TICK,EURUSDi,1.04686,1.04705
1483395898,TICK,GBPUSDi,1.22784,1.22824
1483395899,TICK,AUDJPYi,84.40700,84.45200
1483395899,TICK,USDJPYi,117.45800,117.47500
1483395899,TICK,GBPUSDi,1.22784,1.22825
1483395899,TICK,EURAUDi,1.45600,1.45675
1483395904,TICK,EURUSDi,1.04686,1.04705
1483395900,TICK,EURJPYi,122.94000,122.99500
1483395901,TICK,AUDJPYi,84.40500,84.45200
1483395904,TICK,EURAUDi,1.45599,1.45675
1483395902,TICK,USDCADi,1.34437,1.34510
1483395904,TICK,USDJPYi,117.45600,117.47500
1483395901,TICK,GBPCADi,1.65056,1.65240
1483395906,TICK,EURUSDi,1.04686,1.04705
1483395906,TICK,EURAUDi,1.45599,1.45674
1483395905,TICK,USDCADi,1.34437,1.34509
1483395905,TICK,USDJPYi,117.45700,117.47500
1483395905,TICK,USDCHFi,1.02310,1.02413
1483395907,TICK,EURUSDi,1.04688,1.04705
1483395906,TICK,EURGBPi,0.85226,0.85276
1483395907,TICK,GBPUSDi,1.22784,1.22826
1483395906,TICK,EURJPYi,122.94100,122.99500
1483395909,TICK,EURUSDi,1.04688,1.04707
1483395908,TICK,GBPUSDi,1.22784,1.22825
1483395908,TICK,AUDJPYi,84.40700,84.45200
1483395908,TICK,EURAUDi,1.45607,1.45672
1483395908,TICK,GBPAUDi,1.70772,1.70872
1483395914,TICK,EURUSDi,1.04689,1.04707
1483395911,TICK,AUDUSDi,0.71882,0.71897
1483395913,TICK,EURJPYi,122.94200,122.99500
1483395913,TICK,AUDJPYi,84.40800,84.45200
1483395913,TICK,USDJPYi,117.45600,117.47500
1483395911,TICK,GBPCADi,1.65056,1.65239
1483395911,TICK,GBPAUDi,1.70771,1.70872
1483395918,TICK,EURUSDi,1.04688,1.04707
1483395918,TICK,EURJPYi,122.94100,122.99500
1483395918,TICK,AUDJPYi,84.40700,84.45100
1483395914,TICK,EURAUDi,1.45607,1.45664
1483395918,TICK,USDCADi,1.34437,1.34508
1483395918,TICK,USDJPYi,117.45600,117.47500
1483395918,TICK,EURAUDi,1.45620,1.45664
1483395923,TICK,EURUSDi,1.04690,1.04705
1483395923,TICK,EURGBPi,0.85224,0.85273
1483395922,TICK,GBPUSDi,1.22784,1.22826
1483395923,TICK,EURJPYi,122.94400,122.99500
1483395923,TICK,AUDJPYi,84.40900,84.43900
1483395923,TICK,USDJPYi,117.45100,117.47500
1483395922,TICK,GBPAUDi,1.70771,1.70871
1483395932,TICK,EURUSDi,1.04690,1.04709
1483395932,TICK,EURGBPi,0.85226,0.85276
1483395931,TICK,GBPUSDi,1.22784,1.22828
1483395927,TICK,EURJPYi,122.94300,122.98700
1483395932,TICK,AUDJPYi,84.40900,84.43900
1483395927,TICK,EURAUDi,1.45620,1.45663
1483395927,TICK,USDCADi,1.34437,1.34510
1483395932,TICK,USDJPYi,117.45500,117.47000
1483395931,TICK,GBPCADi,1.65061,1.65243
1483395928,TICK,AUDCADi,0.96638,0.96705
1483395927,TICK,USDCHFi,1.02304,1.02405
1483395931,TICK,GBPAUDi,1.70772,1.70871
1483395935,TICK,EURUSDi,1.04690,1.04705
1483395935,TICK,EURGBPi,0.85224,0.85274
1483395935,TICK,GBPUSDi,1.22784,1.22836
1483395932,TICK,EURJPYi,122.94500,122.98700
1483395932,TICK,EURAUDi,1.45629,1.45663
1483395934,TICK,USDCADi,1.34437,1.34508
1483395935,TICK,USDCHFi,1.02310,1.02401
1483395943,TICK,EURUSDi,1.04681,1.04682
1483395943,TICK,EURGBPi,0.85231,0.85270
1483395943,TICK,GBPUSDi,1.22779,1.22824
1483395943,TICK,EURJPYi,122.95600,122.97000
1483395942,TICK,AUDJPYi,84.41000,84.44400
1483395943,TICK,USDCADi,1.34437,1.34490
1483395943,TICK,USDJPYi,117.45100,117.47300
1483395943,TICK,GBPCADi,1.65030,1.65204
1483395942,TICK,AUDCADi,0.96638,0.96692
1483395943,TICK,USDCHFi,1.02312,1.02402
1483395943,TICK,GBPAUDi,1.70765,1.70871
1483395943,TICK,AUDJPYi,84.41000,84.44800
1483395943,TICK,EURAUDi,1.45629,1.45648
1483395946,TICK,EURUSDi,1.04681,1.04682
1483395945,TICK,EURGBPi,0.85222,0.85266
1483395945,TICK,GBPUSDi,1.22779,1.22824
1483395945,TICK,EURJPYi,122.96400,122.97000
1483395945,TICK,AUDJPYi,84.41600,84.45900
1483395945,TICK,EURAUDi,1.45634,1.45648
1483395946,TICK,USDCADi,1.34437,1.34486
1483395945,TICK,USDJPYi,117.45700,117.47300
1483395945,TICK,GBPCADi,1.65018,1.65193
1483395944,TICK,AUDCADi,0.96638,0.96685
1483395945,TICK,USDCHFi,1.02312,1.02404
1483395945,TICK,GBPAUDi,1.70765,1.70871
1483395950,TICK,EURUSDi,1.04680,1.04680
1483395950,TICK,EURGBPi,0.85219,0.85268
1483395949,TICK,GBPUSDi,1.22779,1.22825
1483395950,TICK,EURJPYi,122.93800,122.97000
1483395950,TICK,AUDJPYi,84.41400,84.44200
1483395946,TICK,EURAUDi,1.45627,1.45635
1483395950,TICK,USDCADi,1.34437,1.34479
1483395950,TICK,USDJPYi,117.44900,117.46400
1483395949,TICK,GBPCADi,1.65018,1.65194
1483395949,TICK,USDCHFi,1.02311,1.02404
1483395949,TICK,GBPAUDi,1.70765,1.70861
1483395950,TICK,GBPUSDi,1.22779,1.22816
1483395950,TICK,GBPCADi,1.65068,1.65242
1483395950,TICK,AUDCADi,0.96645,0.96714
1483395953,TICK,EURUSDi,1.04687,1.04704
1483395953,TICK,EURGBPi,0.85227,0.85277
1483395953,TICK,GBPUSDi,1.22781,1.22824
1483395953,TICK,EURJPYi,122.94100,122.97700
1483395952,TICK,AUDJPYi,84.41400,84.43400
1483395953,TICK,EURAUDi,1.45618,1.45667
1483395951,TICK,USDCADi,1.34444,1.34526
1483395952,TICK,USDJPYi,117.45300,117.46300
1483395953,TICK,GBPCADi,1.65059,1.65240
1483395953,TICK,AUDCADi,0.96638,0.96707
1483395953,TICK,USDCHFi,1.02303,1.02404
1483395953,TICK,GBPAUDi,1.70768,1.70874
1483395953,TICK,USDCADi,1.34437,1.34511
1483395954,TICK,EURUSDi,1.04689,1.04709
1483395953,TICK,AUDJPYi,84.41100,84.43400
1483395953,TICK,USDJPYi,117.45200,117.46300
1483395962,TICK,EURUSDi,1.04684,1.04709
1483395957,TICK,EURJPYi,122.94600,122.97700
1483395959,TICK,USDCADi,1.34437,1.34512
1483395955,TICK,GBPCADi,1.65062,1.65243
1483395955,TICK,AUDCADi,0.96640,0.96709
1483395962,TICK,USDCHFi,1.02303,1.02398
1483395956,TICK,GBPAUDi,1.70768,1.70873
1483395962,TICK,EURGBPi,0.85225,0.85275
1483395962,TICK,EURJPYi,122.94000,122.97700
1483395962,TICK,EURAUDi,1.45607,1.45667
1483395962,TICK,USDJPYi,117.44600,117.46300
1483395965,TICK,EURUSDi,1.04681,1.04705
1483395965,TICK,EURGBPi,0.85225,0.85275
1483395962,TICK,GBPUSDi,1.22781,1.22832
1483395964,TICK,EURJPYi,122.93800,122.97700
1483395962,TICK,AUDJPYi,84.40900,84.43400
1483395965,TICK,EURAUDi,1.45607,1.45666
1483395964,TICK,GBPCADi,1.65061,1.65244
1483395964,TICK,USDCHFi,1.02303,1.02400
1483395964,TICK,GBPAUDi,1.70767,1.70873
1483395968,TICK,EURUSDi,1.04681,1.04709
1483395968,TICK,EURGBPi,0.85229,0.85277
1483395968,TICK,EURJPYi,122.93900,122.97700
1483395968,TICK,EURAUDi,1.45607,1.45667
1483395966,TICK,GBPCADi,1.65063,1.65242
1483395966,TICK,GBPAUDi,1.70768,1.70872
1483395969,TICK,EURUSDi,1.04681,1.04705
1483395969,TICK,EURGBPi,0.85225,0.85275
1483395969,TICK,EURJPYi,122.94100,122.97700
1483395969,TICK,EURAUDi,1.45607,1.45666
1483395979,TICK,EURUSDi,1.04681,1.04703
1483395979,TICK,EURJPYi,122.93200,122.97000
1483395979,TICK,AUDJPYi,84.40400,84.42600
1483395973,TICK,EURAUDi,1.45607,1.45665
1483395974,TICK,USDCADi,1.34437,1.34507
1483395973,TICK,USDJPYi,117.44500,117.45900
1483395977,TICK,GBPCADi,1.65064,1.65243
1483395970,TICK,USDCHFi,1.02303,1.02399
1483395979,TICK,EURAUDi,1.45639,1.45665
1483395979,TICK,USDCADi,1.34437,1.34513
1483395979,TICK,USDJPYi,117.44000,117.45900
1483395992,TICK,EURUSDi,1.04676,1.04706
1483395983,TICK,GBPUSDi,1.22780,1.22831
1483395989,TICK,AUDUSDi,0.71882,0.71893
1483395983,TICK,EURJPYi,122.92100,122.96000
1483395989,TICK,AUDJPYi,84.39700,84.42200
1483395992,TICK,EURAUDi,1.45625,1.45665
1483395991,TICK,USDCADi,1.34440,1.34514
1483395992,TICK,USDJPYi,117.43800,117.45200
1483395989,TICK,GBPCADi,1.65063,1.65243
1483395989,TICK,AUDCADi,0.96640,0.96709
1483395986,TICK,GBPAUDi,1.70767,1.70871
1483396028,TICK,EURUSDi,1.04685,1.04705
1483396028,TICK,EURGBPi,0.85229,0.85276
1483396004,TICK,GBPUSDi,1.22781,1.22832
1483396017,TICK,AUDUSDi,0.71882,0.71893
1483396028,TICK,EURJPYi,122.90400,122.95500
1483396013,TICK,AUDJPYi,84.38400,84.40800
1483396028,TICK,EURAUDi,1.45642,1.45662
1483396024,TICK,USDCADi,1.34460,1.34514
1483396024,TICK,USDJPYi,117.40800,117.42900
1483396026,TICK,GBPCADi,1.65084,1.65245
1483396027,TICK,AUDCADi,0.96654,0.96706
1483396028,TICK,USDCHFi,1.02305,1.02400
1483396028,TICK,GBPAUDi,1.70766,1.70877
1483396029,TICK,EURUSDi,1.04685,1.04712
1483396029,TICK,EURGBPi,0.85225,0.85275
1483396029,TICK,GBPUSDi,1.22781,1.22837
1483396029,TICK,EURJPYi,122.90600,122.95500
1483396029,TICK,EURAUDi,1.45642,1.45672
1483396029,TICK,GBPCADi,1.65085,1.65245
1483396029,TICK,GBPAUDi,1.70767,1.70877
1483396032,TICK,EURUSDi,1.04686,1.04706
1483396032,TICK,EURGBPi,0.85229,0.85279
1483396032,TICK,EURJPYi,122.91100,122.95500
1483396032,TICK,EURAUDi,1.45643,1.45666
1483396032,TICK,USDCHFi,1.02308,1.02400
1483396032,TICK,USDCADi,1.34460,1.34519
1483396032,TICK,GBPCADi,1.65084,1.65245
1483396032,TICK,AUDCADi,0.96653,0.96701
1483396033,TICK,EURGBPi,0.85225,0.85275
1483396032,TICK,USDJPYi,117.40600,117.42900
1483396033,TICK,EURUSDi,1.04686,1.04706
1483396033,TICK,EURJPYi,122.91000,122.95500
1483396033,TICK,EURAUDi,1.45646,1.45665
1483396034,TICK,USDCADi,1.34461,1.34517
1483396034,TICK,USDCHFi,1.02297,1.02395
1483396035,TICK,EURUSDi,1.04685,1.04706
1483396035,TICK,EURAUDi,1.45629,1.45665
1483396035,TICK,GBPCADi,1.65084,1.65243
1483396035,TICK,USDCHFi,1.02284,1.02390
1483396036,TICK,EURUSDi,1.04683,1.04706
1483396043,TICK,EURUSDi,1.04683,1.04707
1483396037,TICK,AUDUSDi,0.71883,0.71893
1483396041,TICK,EURJPYi,122.90900,122.95500
1483396043,TICK,AUDJPYi,84.37900,84.40800
1483396042,TICK,USDJPYi,117.40900,117.42900
1483396042,TICK,GBPCADi,1.65083,1.65243
1483396055,TICK,EURUSDi,1.04683,1.04709
1483396055,TICK,EURGBPi,0.85220,0.85275
1483396055,TICK,GBPUSDi,1.22781,1.22831
1483396050,TICK,AUDUSDi,0.71891,0.71902
1483396055,TICK,EURJPYi,122.90800,122.95500
1483396051,TICK,AUDJPYi,84.39400,84.43800
1483396055,TICK,EURAUDi,1.45570,1.45645
1483396047,TICK,USDCADi,1.34461,1.34508
1483396053,TICK,USDJPYi,117.40900,117.42900
1483396055,TICK,GBPCADi,1.65085,1.65240
1483396053,TICK,AUDCADi,0.96655,0.96721
1483396047,TICK,USDCHFi,1.02285,1.02391
1483396055,TICK,GBPAUDi,1.70731,1.70855
1483396055,TICK,AUDJPYi,84.39400,84.43700
1483396055,TICK,USDCADi,1.34461,1.34522
1483396056,TICK,EURUSDi,1.04674,1.04704
1483396056,TICK,EURAUDi,1.45567,1.45639
1483396056,TICK,EURGBPi,0.85219,0.85273
1483396056,TICK,EURJPYi,122.90400,122.95500
1483396056,TICK,USDCADi,1.34469,1.34522
1483396066,TICK,EURUSDi,1.04674,1.04707
1483396065,TICK,GBPUSDi,1.22782,1.22831
1483396061,TICK,AUDJPYi,84.39500,84.43300
1483396063,TICK,USDCADi,1.34469,1.34516
1483396060,TICK,USDJPYi,117.40800,117.42900
1483396065,TICK,GBPCADi,1.65093,1.65249
1483396057,TICK,AUDCADi,0.96658,0.96721
1483396065,TICK,USDCHFi,1.02284,1.02390
1483396065,TICK,GBPAUDi,1.70730,1.70854
1483396078,TICK,EURUSDi,1.04673,1.04707
1483396078,TICK,EURGBPi,0.85210,0.85275
1483396078,TICK,EURJPYi,122.88800,122.95300
1483396078,TICK,AUDJPYi,84.38200,84.42300
1483396078,TICK,EURAUDi,1.45561,1.45642
1483396078,TICK,USDJPYi,117.39300,117.41700
1483396078,TICK,GBPCADi,1.65087,1.65249
1483396078,TICK,USDCHFi,1.02277,1.02380
1483396073,TICK,GBPAUDi,1.70730,1.70853
1483396079,TICK,EURUSDi,1.04671,1.04709
1483396079,TICK,EURGBPi,0.85212,0.85275
1483396079,TICK,EURJPYi,122.88600,122.95000
1483396079,TICK,EURAUDi,1.45565,1.45661
1483396079,TICK,USDCADi,1.34469,1.34518
1483396079,TICK,GBPCADi,1.65096,1.65249
1483396080,TICK,EURUSDi,1.04671,1.04703
1483396080,TICK,EURGBPi,0.85207,0.85263
1483396080,TICK,EURJPYi,122.88400,122.94900
1483396080,TICK,AUDJPYi,84.38300,84.42400
1483396080,TICK,EURAUDi,1.45557,1.45642
1483396080,TICK,USDJPYi,117.39200,117.42000
1483396080,TICK,GBPCADi,1.65077,1.65239
1483396104,TICK,EURUSDi,1.04669,1.04699
1483396104,TICK,EURGBPi,0.85211,0.85270
1483396104,TICK,GBPUSDi,1.22778,1.22823
1483396103,TICK,AUDUSDi,0.71911,0.71930
1483396104,TICK,EURJPYi,122.88400,122.94500
1483396103,TICK,AUDJPYi,84.41200,84.45500
1483396104,TICK,EURAUDi,1.45518,1.45603
1483396104,TICK,USDCADi,1.34476,1.34521
1483396103,TICK,USDJPYi,117.39900,117.42400
1483396104,TICK,GBPCADi,1.65102,1.65252
1483396104,TICK,AUDCADi,0.96678,0.96753
1483396098,TICK,USDCHFi,1.02278,1.02389
1483396104,TICK,GBPAUDi,1.70678,1.70805
1483396104,TICK,AUDUSDi,0.71917,0.71938
1483396104,TICK,AUDJPYi,84.41800,84.45900
1483396106,TICK,EURUSDi,1.04656,1.04690
1483396106,TICK,EURGBPi,0.85218,0.85269
1483396106,TICK,AUDUSDi,0.71919,0.71931
1483396105,TICK,EURJPYi,122.86400,122.92900
1483396105,TICK,AUDJPYi,84.42700,84.45900
1483396106,TICK,EURAUDi,1.45486,1.45573
1483396106,TICK,USDCADi,1.34474,1.34526
1483396105,TICK,GBPCADi,1.65093,1.65244
1483396105,TICK,AUDCADi,0.96711,0.96781
1483396105,TICK,USDCHFi,1.02275,1.02378
1483396106,TICK,GBPAUDi,1.70640,1.70789
1483396109,TICK,EURUSDi,1.04650,1.04692
1483396109,TICK,EURGBPi,0.85204,0.85265
1483396112,TICK,AUDUSDi,0.71914,0.71932
1483396109,TICK,EURJPYi,122.86500,122.93000
1483396112,TICK,AUDJPYi,84.41700,84.45900
1483396112,TICK,EURAUDi,1.45486,1.45578
1483396110,TICK,USDCADi,1.34440,1.34481
1483396112,TICK,USDJPYi,117.40200,117.42400
1483396111,TICK,GBPCADi,1.65063,1.65213
1483396111,TICK,AUDCADi,0.96688,0.96746
1483396111,TICK,GBPAUDi,1.70676,1.70795
1483396112,TICK,EURUSDi,1.04651,1.04692
1483396112,TICK,EURGBPi,0.85217,0.85269
1483396112,TICK,EURJPYi,122.86500,122.93100
1483396113,TICK,EURUSDi,1.04652,1.04693
1483396113,TICK,EURGBPi,0.85209,0.85269
1483396113,TICK,AUDUSDi,0.71920,0.71932
1483396113,TICK,EURAUDi,1.45503,1.45591
1483396113,TICK,GBPCADi,1.65066,1.65211
1483396114,TICK,EURUSDi,1.04650,1.04692
1483396114,TICK,EURAUDi,1.45486,1.45586
1483396115,TICK,EURUSDi,1.04663,1.04692
1483396114,TICK,EURGBPi,0.85204,0.85265
1483396115,TICK,EURAUDi,1.45519,1.45578
1483396114,TICK,USDJPYi,117.40100,117.42400
1483396114,TICK,USDCHFi,1.02277,1.02390
1483396115,TICK,GBPAUDi,1.70676,1.70789
1483396115,TICK,EURGBPi,0.85216,0.85264
1483396115,TICK,GBPUSDi,1.22780,1.22830
1483396115,TICK,EURJPYi,122.87900,122.94400
1483396115,TICK,GBPCADi,1.65069,1.65218
1483396116,TICK,EURUSDi,1.04671,1.04708
1483396116,TICK,EURGBPi,0.85212,0.85275
1483396116,TICK,AUDUSDi,0.71921,0.71931
1483396116,TICK,AUDJPYi,84.42800,84.45900
1483396116,TICK,EURAUDi,1.45519,1.45603
1483396116,TICK,USDCADi,1.34442,1.34481
1483396116,TICK,EURJPYi,122.88800,122.94500
1483396116,TICK,USDJPYi,117.39800,117.42400
1483396117,TICK,EURUSDi,1.04672,1.04704
1483396117,TICK,EURGBPi,0.85217,0.85274
1483396117,TICK,EURAUDi,1.45520,1.45600
1483396117,TICK,USDCADi,1.34439,1.34481
1483396117,TICK,GBPAUDi,1.70682,1.70791
1483396117,TICK,AUDJPYi,84.42700,84.45900
1483396117,TICK,USDJPYi,117.39900,117.42400
1483396117,TICK,EURJPYi,122.88600,122.94500
1483396119,TICK,EURUSDi,1.04651,1.04693
1483396119,TICK,EURGBPi,0.85204,0.85267
1483396119,TICK,GBPUSDi,1.22779,1.22824
1483396119,TICK,EURJPYi,122.87000,122.93600
1483396118,TICK,AUDJPYi,84.42600,84.45900
1483396119,TICK,EURAUDi,1.45480,1.45581
1483396119,TICK,GBPCADi,1.65067,1.65213
1483396119,TICK,GBPAUDi,1.70678,1.70788
1483396121,TICK,EURUSDi,1.04651,1.04694
1483396121,TICK,EURGBPi,0.85210,0.85269
1483396120,TICK,AUDUSDi,0.71921,0.71926
1483396120,TICK,EURJPYi,122.86600,122.93100
1483396120,TICK,AUDJPYi,84.42200,84.45900
1483396121,TICK,EURAUDi,1.45489,1.45585
1483396119,TICK,USDCADi,1.34440,1.34481
1483396121,TICK,USDJPYi,117.39800,117.42400
1483396121,TICK,AUDCADi,0.96688,0.96741
1483396122,TICK,EURUSDi,1.04651,1.04694
1483396122,TICK,EURGBPi,0.85204,0.85267
1483396122,TICK,GBPUSDi,1.22778,1.22822
1483396122,TICK,EURJPYi,122.86500,122.93100
1483396122,TICK,AUDJPYi,84.42300,84.45900
1483396122,TICK,EURAUDi,1.45491,1.45580
1483396122,TICK,USDJPYi,117.40500,117.42400
1483396122,TICK,GBPCADi,1.65066,1.65211
1483396122,TICK,GBPAUDi,1.70676,1.70788
1483396124,TICK,EURUSDi,1.04652,1.04694
1483396124,TICK,EURJPYi,122.86700,122.93300
1483396124,TICK,AUDJPYi,84.42200,84.45900
1483396124,TICK,USDCADi,1.34445,1.34514
1483396123,TICK,USDJPYi,117.39900,117.42500
1483396124,TICK,GBPCADi,1.65071,1.65208
1483396124,TICK,AUDCADi,0.96691,0.96749
1483396124,TICK,USDCHFi,1.02278,1.02390
1483396125,TICK,EURUSDi,1.04652,1.04695
1483396125,TICK,EURJPYi,122.86800,122.93300
1483396125,TICK,USDCADi,1.34442,1.34512
1483396125,TICK,GBPCADi,1.65069,1.65205
1483396125,TICK,EURGBPi,0.85212,0.85270
1483396125,TICK,EURAUDi,1.45491,1.45587
1483396125,TICK,USDJPYi,117.40000,117.42500
1483396125,TICK,AUDCADi,0.96679,0.96726
1483396125,TICK,GBPAUDi,1.70676,1.70787
1483396126,TICK,EURUSDi,1.04666,1.04699
1483396126,TICK,EURGBPi,0.85224,0.85270
1483396126,TICK,EURAUDi,1.45510,1.45594
1483396126,TICK,USDCADi,1.34438,1.34471
1483396126,TICK,GBPCADi,1.65063,1.65160
1483396126,TICK,AUDCADi,0.96685,0.96727
1483396134,TICK,EURUSDi,1.04654,1.04697
1483396134,TICK,EURGBPi,0.85214,0.85270
1483396134,TICK,EURJPYi,122.87100,122.93700
1483396134,TICK,AUDJPYi,84.42500,84.45900
1483396134,TICK,EURAUDi,1.45503,1.45591
1483396135,TICK,USDCADi,1.34487,1.34517
1483396134,TICK,USDJPYi,117.40600,117.43200
1483396134,TICK,GBPCADi,1.65090,1.65224
1483396135,TICK,AUDCADi,0.96703,0.96754
1483396132,TICK,GBPAUDi,1.70677,1.70787
1483396149,TICK,EURUSDi,1.04656,1.04697
1483396149,TICK,EURJPYi,122.87200,122.93800
1483396145,TICK,AUDJPYi,84.42000,84.45900
1483396137,TICK,EURAUDi,1.45503,1.45588
1483396141,TICK,USDCADi,1.34477,1.34513
1483396149,TICK,USDJPYi,117.39900,117.42500
1483396141,TICK,GBPCADi,1.65084,1.65218
1483396145,TICK,AUDCADi,0.96697,0.96751
1483396148,TICK,USDCHFi,1.02273,1.02380
1483396152,TICK,EURUSDi,1.04655,1.04697
1483396152,TICK,EURGBPi,0.85216,0.85269
1483396152,TICK,GBPUSDi,1.22779,1.22820
1483396150,TICK,AUDUSDi,0.71921,0.71932
1483396150,TICK,AUDJPYi,84.42400,84.45900
1483396152,TICK,EURAUDi,1.45503,1.45581
1483396152,TICK,USDCADi,1.34445,1.34493
1483396152,TICK,GBPCADi,1.65073,1.65196
1483396152,TICK,AUDCADi,0.96696,0.96749
1483396152,TICK,USDCHFi,1.02277,1.02376
1483396152,TICK,GBPAUDi,1.70668,1.70785
1483396155,TICK,EURUSDi,1.04656,1.04697
1483396155,TICK,USDCADi,1.34448,1.34492
1483396154,TICK,AUDCADi,0.96691,0.96741
1483396161,TICK,EURUSDi,1.04657,1.04697
1483396160,TICK,EURGBPi,0.85211,0.85270
1483396160,TICK,GBPUSDi,1.22766,1.22829
1483396160,TICK,AUDUSDi,0.71921,0.71945
1483396160,TICK,EURJPYi,122.86700,122.93400
1483396161,TICK,AUDJPYi,84.42500,84.45900
1483396160,TICK,USDCADi,1.34445,1.34481
1483396159,TICK,GBPCADi,1.65050,1.65183
1483396160,TICK,AUDCADi,0.96688,0.96741
1483396158,TICK,USDCHFi,1.02278,1.02377
1483396160,TICK,GBPAUDi,1.70653,1.70778
1483396168,TICK,EURUSDi,1.04656,1.04697
1483396168,TICK,EURJPYi,122.85900,122.92400
1483396167,TICK,USDCADi,1.34447,1.34483
1483396163,TICK,USDJPYi,117.39600,117.42000
1483396165,TICK,GBPCADi,1.65048,1.65173
1483396167,TICK,AUDCADi,0.96688,0.96741
1483396175,TICK,EURUSDi,1.04655,1.04697
1483396173,TICK,EURGBPi,0.85206,0.85265
1483396173,TICK,GBPUSDi,1.22784,1.22832
1483396172,TICK,AUDUSDi,0.71932,0.71945
1483396172,TICK,AUDJPYi,84.43800,84.45900
1483396172,TICK,EURAUDi,1.45503,1.45567
1483396175,TICK,USDCADi,1.34443,1.34472
1483396175,TICK,USDJPYi,117.39600,117.42100
1483396174,TICK,GBPCADi,1.65071,1.65179
1483396173,TICK,AUDCADi,0.96698,0.96756
1483396174,TICK,GBPAUDi,1.70625,1.70758
1483396176,TICK,EURUSDi,1.04655,1.04698
1483396175,TICK,AUDUSDi,0.71933,0.71946
1483396175,TICK,AUDJPYi,84.43900,84.45900
1483396175,TICK,EURAUDi,1.45503,1.45566
1483396176,TICK,USDCADi,1.34442,1.34472
1483396176,TICK,USDJPYi,117.39800,117.42100
1483396176,TICK,GBPCADi,1.65069,1.65179
1483396175,TICK,GBPAUDi,1.70619,1.70758
1483396191,TICK,EURUSDi,1.04655,1.04697
1483396181,TICK,EURGBPi,0.85214,0.85268
1483396181,TICK,GBPUSDi,1.22781,1.22824
1483396181,TICK,AUDUSDi,0.71926,0.71937
1483396191,TICK,EURJPYi,122.84300,122.90500
1483396191,TICK,AUDJPYi,84.42200,84.43200
1483396191,TICK,EURAUDi,1.45503,1.45572
1483396190,TICK,USDCADi,1.34443,1.34471
1483396191,TICK,USDJPYi,117.38800,117.40200
1483396190,TICK,GBPCADi,1.65059,1.65159
1483396187,TICK,AUDCADi,0.96693,0.96726
1483396182,TICK,GBPAUDi,1.70631,1.70759
1483396198,TICK,EURUSDi,1.04661,1.04697
1483396198,TICK,EURGBPi,0.85219,0.85269
1483396198,TICK,AUDUSDi,0.71911,0.71940
1483396198,TICK,EURJPYi,122.79500,122.85200
1483396198,TICK,AUDJPYi,84.38700,84.42200
1483396198,TICK,EURAUDi,1.45503,1.45589
1483396197,TICK,USDCADi,1.34443,1.34465
1483396198,TICK,USDJPYi,117.33200,117.35700
1483396194,TICK,GBPCADi,1.65055,1.65155
1483396194,TICK,AUDCADi,0.96679,0.96732
1483396194,TICK,GBPAUDi,1.70664,1.70796
1483396200,TICK,EURUSDi,1.04661,1.04698
1483396200,TICK,EURJPYi,122.79100,122.84700
1483396200,TICK,AUDJPYi,84.38500,84.42000
1483396200,TICK,USDCADi,1.34442,1.34464
1483396201,TICK,EURUSDi,1.04656,1.04698
1483396201,TICK,EURGBPi,0.85214,0.85268
1483396201,TICK,EURJPYi,122.79300,122.85000
1483396201,TICK,EURAUDi,1.45503,1.45586
1483396201,TICK,USDCADi,1.34446,1.34472
1483396201,TICK,USDJPYi,117.33500,117.35900
1483396201,TICK,GBPCADi,1.65061,1.65155
1483396201,TICK,AUDCADi,0.96690,0.96735
1483396201,TICK,USDCHFi,1.02281,1.02384
1483396200,TICK,GBPAUDi,1.70664,1.70796
1483396206,TICK,EURUSDi,1.04657,1.04698
1483396206,TICK,EURGBPi,0.85208,0.85267
1483396206,TICK,EURJPYi,122.79500,122.85200
1483396206,TICK,AUDJPYi,84.38400,84.42100
1483396206,TICK,EURAUDi,1.45496,1.45589
1483396202,TICK,USDCADi,1.34447,1.34476
1483396206,TICK,USDJPYi,117.32500,117.35100
1483396206,TICK,GBPCADi,1.65066,1.65175
1483396208,TICK,EURUSDi,1.04659,1.04696
1483396208,TICK,EURGBPi,0.85213,0.85266
1483396208,TICK,GBPUSDi,1.22782,1.22827
1483396208,TICK,EURJPYi,122.77300,122.83000
1483396207,TICK,AUDJPYi,84.37500,84.41200
1483396208,TICK,EURAUDi,1.45495,1.45582
1483396207,TICK,USDJPYi,117.31100,117.33800
1483396208,TICK,GBPCADi,1.65067,1.65175
1483396208,TICK,GBPAUDi,1.70665,1.70800
1483396209,TICK,EURUSDi,1.04665,1.04699
1483396209,TICK,EURGBPi,0.85219,0.85273
1483396209,TICK,EURJPYi,122.77500,122.83200
1483396209,TICK,EURAUDi,1.45495,1.45584
1483396209,TICK,AUDJPYi,84.37600,84.41200
1483396211,TICK,EURUSDi,1.04664,1.04699
1483396210,TICK,EURJPYi,122.77700,122.83400
1483396211,TICK,EURGBPi,0.85223,0.85273
1483396211,TICK,EURAUDi,1.45501,1.45598
1483396211,TICK,EURJPYi,122.77600,122.83300
1483396216,TICK,EURUSDi,1.04661,1.04694
1483396216,TICK,EURGBPi,0.85205,0.85265
1483396214,TICK,AUDUSDi,0.71910,0.71940
1483396216,TICK,EURJPYi,122.81400,122.87000
1483396216,TICK,AUDJPYi,84.38600,84.42500
1483396216,TICK,EURAUDi,1.45495,1.45583
1483396215,TICK,USDCADi,1.34447,1.34468
1483396216,TICK,USDJPYi,117.35300,117.38000
1483396215,TICK,GBPCADi,1.65061,1.65168
1483396217,TICK,EURUSDi,1.04662,1.04694
1483396216,TICK,GBPCADi,1.65060,1.65168
1483396216,TICK,AUDCADi,0.96679,0.96741
1483396230,TICK,EURUSDi,1.04667,1.04694
1483396230,TICK,EURGBPi,0.85214,0.85267
1483396230,TICK,GBPUSDi,1.22783,1.22833
1483396224,TICK,AUDUSDi,0.71909,0.71940
1483396230,TICK,EURJPYi,122.79300,122.85000
1483396230,TICK,AUDJPYi,84.36000,84.40000
1483396230,TICK,EURAUDi,1.45526,1.45591
1483396230,TICK,USDJPYi,117.31500,117.34100
1483396230,TICK,GBPCADi,1.65060,1.65175
1483396224,TICK,AUDCADi,0.96677,0.96746
1483396230,TICK,GBPAUDi,1.70658,1.70813
1483396231,TICK,EURUSDi,1.04674,1.04699
1483396231,TICK,GBPUSDi,1.22786,1.22837
1483396231,TICK,AUDUSDi,0.71908,0.71940
1483396231,TICK,EURJPYi,122.80100,122.85900
1483396231,TICK,USDCADi,1.34447,1.34469
1483396231,TICK,GBPCADi,1.65066,1.65175
1483396231,TICK,GBPAUDi,1.70661,1.70819
1483396231,TICK,EURGBPi,0.85209,0.85266
1483396231,TICK,EURAUDi,1.45526,1.45594
1483396249,TICK,EURUSDi,1.04668,1.04704
1483396249,TICK,EURGBPi,0.85215,0.85269
1483396249,TICK,AUDUSDi,0.71889,0.71916
1483396249,TICK,EURJPYi,122.83900,122.87800
1483396249,TICK,AUDJPYi,84.36600,84.40800
1483396249,TICK,EURAUDi,1.45546,1.45640
1483396233,TICK,USDJPYi,117.31700,117.34100
1483396249,TICK,GBPCADi,1.65129,1.65264
1483396249,TICK,AUDCADi,0.96687,0.96756
1483396249,TICK,GBPAUDi,1.70725,1.70865
1483396262,TICK,EURUSDi,1.04669,1.04698
1483396262,TICK,EURGBPi,0.85210,0.85265
1483396263,TICK,AUDUSDi,0.71889,0.71916
1483396262,TICK,EURJPYi,122.82800,122.87800
1483396263,TICK,AUDJPYi,84.35600,84.39900
1483396263,TICK,EURAUDi,1.45548,1.45637
1483396263,TICK,USDCADi,1.34487,1.34521
1483396263,TICK,USDJPYi,117.34700,117.36300
1483396262,TICK,GBPCADi,1.65114,1.65250
1483396263,TICK,AUDCADi,0.96678,0.96744
1483396263,TICK,USDCHFi,1.02274,1.02376
1483396263,TICK,GBPAUDi,1.70719,1.70867
1483396265,TICK,EURUSDi,1.04669,1.04704
1483396265,TICK,EURGBPi,0.85216,0.85270
1483396264,TICK,AUDUSDi,0.71905,0.71915
1483396265,TICK,EURJPYi,122.82900,122.87800
1483396265,TICK,AUDJPYi,84.38100,84.42500
1483396265,TICK,EURAUDi,1.45515,1.45613
1483396264,TICK,USDCADi,1.34487,1.34520
1483396265,TICK,USDJPYi,117.34900,117.36300
1483396264,TICK,GBPCADi,1.65120,1.65256
1483396264,TICK,AUDCADi,0.96700,0.96770
1483396264,TICK,GBPAUDi,1.70675,1.70832
1483396270,TICK,EURUSDi,1.04670,1.04704
1483396270,TICK,AUDUSDi,0.71902,0.71911
1483396269,TICK,EURJPYi,122.83300,122.87800
1483396270,TICK,AUDJPYi,84.36100,84.40200
1483396270,TICK,EURAUDi,1.45553,1.45641
1483396265,TICK,USDCADi,1.34487,1.34521
1483396268,TICK,USDJPYi,117.35300,117.36600
1483396269,TICK,AUDCADi,0.96682,0.96745
1483396269,TICK,GBPAUDi,1.70725,1.70868
1483396270,TICK,AUDCADi,0.96682,0.96741
1483396270,TICK,GBPAUDi,1.70724,1.70868
1483396271,TICK,EURUSDi,1.04671,1.04708
1483396332,TICK,EURUSDi,1.04672,1.04708
1483396272,TICK,GBPUSDi,1.22787,1.22838
1483396320,TICK,AUDUSDi,0.71902,0.71911
1483396332,TICK,EURJPYi,122.82900,122.88000
1483396329,TICK,AUDJPYi,84.36400,84.39900
1483396326,TICK,EURAUDi,1.45559,1.45635
1483396319,TICK,USDCADi,1.34460,1.34517
1483396314,TICK,USDJPYi,117.34600,117.36100
1483396319,TICK,GBPCADi,1.65101,1.65236
1483396311,TICK,AUDCADi,0.96676,0.96739
1483396331,TICK,USDCHFi,1.02278,1.02385
1483396326,TICK,GBPAUDi,1.70716,1.70839
1483396341,TICK,EURUSDi,1.04674,1.04708
1483396333,TICK,GBPUSDi,1.22786,1.22837
1483396337,TICK,EURJPYi,122.83100,122.88000
1483396338,TICK,USDCADi,1.34460,1.34506
1483396340,TICK,USDJPYi,117.34800,117.36700
1483396338,TICK,GBPCADi,1.65094,1.65228
1483396341,TICK,USDCHFi,1.02278,1.02382
1483396340,TICK,GBPAUDi,1.70716,1.70839
1483396343,TICK,EURUSDi,1.04673,1.04708
1483396342,TICK,EURJPYi,122.83200,122.88000
1483396342,TICK,USDCHFi,1.02278,1.02385
1483396354,TICK,EURUSDi,1.04671,1.04708
1483396352,TICK,AUDUSDi,0.71891,0.71901
1483396354,TICK,EURJPYi,122.83600,122.88000
1483396353,TICK,AUDJPYi,84.35500,84.39400
1483396354,TICK,EURAUDi,1.45569,1.45655
1483396350,TICK,USDCADi,1.34458,1.34505
1483396352,TICK,AUDCADi,0.96670,0.96734
1483396352,TICK,GBPAUDi,1.70733,1.70865
1483396355,TICK,EURUSDi,1.04673,1.04708
1483396354,TICK,AUDJPYi,84.35500,84.39200
1483396355,TICK,USDCHFi,1.02278,1.02383
1483396357,TICK,EURUSDi,1.04674,1.04708
1483396355,TICK,AUDJPYi,84.35500,84.39000
1483396356,TICK,USDCADi,1.34457,1.34504
1483396356,TICK,AUDCADi,0.96661,0.96725
1483396361,TICK,EURUSDi,1.04674,1.04704
1483396361,TICK,AUDUSDi,0.71904,0.71914
1483396361,TICK,EURJPYi,122.83100,122.88000
1483396361,TICK,AUDJPYi,84.37200,84.40200
1483396361,TICK,EURAUDi,1.45552,1.45625
1483396361,TICK,USDCADi,1.34457,1.34504
1483396361,TICK,AUDCADi,0.96681,0.96745
1483396361,TICK,USDCHFi,1.02278,1.02383
1483396361,TICK,GBPAUDi,1.70696,1.70843
1483396372,TICK,EURUSDi,1.04670,1.04704
1483396370,TICK,AUDUSDi,0.71904,0.71913
1483396369,TICK,EURJPYi,122.83500,122.88000
1483396364,TICK,AUDJPYi,84.37600,84.40200
1483396367,TICK,EURAUDi,1.45552,1.45611
1483396366,TICK,USDCADi,1.34456,1.34503
1483396367,TICK,USDJPYi,117.35300,117.36700
1483396368,TICK,GBPCADi,1.65089,1.65232
1483396370,TICK,AUDCADi,0.96682,0.96749
1483396362,TICK,USDCHFi,1.02278,1.02382
1483396370,TICK,GBPAUDi,1.70691,1.70838
1483396380,TICK,EURUSDi,1.04671,1.04704
1483396376,TICK,AUDUSDi,0.71894,0.71903
1483396380,TICK,EURJPYi,122.83100,122.88000
1483396379,TICK,AUDJPYi,84.36300,84.39300
1483396378,TICK,EURAUDi,1.45564,1.45638
1483396376,TICK,USDCADi,1.34457,1.34505
1483396380,TICK,USDJPYi,117.35200,117.36700
1483396376,TICK,AUDCADi,0.96668,0.96735
1483396379,TICK,USDCHFi,1.02278,1.02381
1483396376,TICK,GBPAUDi,1.70717,1.70858
1483396384,TICK,EURUSDi,1.04670,1.04704
1483396384,TICK,EURJPYi,122.83000,122.88000
1483396381,TICK,AUDJPYi,84.35900,84.39100
1483396384,TICK,USDJPYi,117.34600,117.36000
1483396382,TICK,USDCHFi,1.02278,1.02385
1483396391,TICK,EURUSDi,1.04671,1.04715
1483396391,TICK,EURGBPi,0.85204,0.85273
1483396391,TICK,EURJPYi,122.83300,122.88000
1483396391,TICK,AUDJPYi,84.35800,84.38900
1483396391,TICK,EURAUDi,1.45573,1.45650
1483396390,TICK,USDCADi,1.34456,1.34505
1483396391,TICK,USDJPYi,117.34300,117.36000
1483396392,TICK,EURUSDi,1.04672,1.04709
1483396392,TICK,EURGBPi,0.85218,0.85273
1483396392,TICK,EURAUDi,1.45573,1.45643
1483396392,TICK,USDCADi,1.34456,1.34504
1483396393,TICK,USDCHFi,1.02278,1.02383
1483396396,TICK,EURUSDi,1.04673,1.04709
1483396394,TICK,AUDJPYi,84.35900,84.38900
1483396394,TICK,USDCADi,1.34456,1.34504
1483396394,TICK,USDJPYi,117.34400,117.36000
1483396395,TICK,GBPCADi,1.65089,1.65233
1483396402,TICK,EURUSDi,1.04674,1.04709
1483396400,TICK,EURJPYi,122.82700,122.88000
1483396396,TICK,AUDJPYi,84.35500,84.38900
1483396398,TICK,EURAUDi,1.45575,1.45643
1483396400,TICK,USDCADi,1.34458,1.34507
1483396400,TICK,USDJPYi,117.34600,117.36000
1483396399,TICK,GBPCADi,1.65089,1.65232
1483396398,TICK,USDCHFi,1.02278,1.02384
1483396396,TICK,GBPAUDi,1.70724,1.70858
1483396406,TICK,EURUSDi,1.04676,1.04709
1483396405,TICK,AUDUSDi,0.71897,0.71913
1483396406,TICK,AUDJPYi,84.36100,84.40100
1483396405,TICK,EURAUDi,1.45555,1.45630
1483396403,TICK,USDJPYi,117.34500,117.36000
1483396405,TICK,AUDCADi,0.96677,0.96744
1483396405,TICK,GBPAUDi,1.70702,1.70846
1483396406,TICK,AUDUSDi,0.71924,0.71938
1483396406,TICK,EURAUDi,1.45504,1.45596
1483396406,TICK,USDJPYi,117.34300,117.36000
1483396406,TICK,AUDCADi,0.96700,0.96767
1483396406,TICK,GBPAUDi,1.70660,1.70807
1483396407,TICK,EURUSDi,1.04673,1.04709
1483396407,TICK,EURGBPi,0.85211,0.85253
1483396407,TICK,GBPUSDi,1.22819,1.22855
1483396407,TICK,GBPCADi,1.65131,1.65255
1483396407,TICK,GBPAUDi,1.70686,1.70815
1483396408,TICK,EURUSDi,1.04674,1.04709
1483396407,TICK,AUDUSDi,0.71927,0.71938
1483396409,TICK,EURUSDi,1.04675,1.04709
1483396408,TICK,AUDUSDi,0.71928,0.71938
1483396408,TICK,EURJPYi,122.83200,122.88000
1483396408,TICK,USDJPYi,117.34800,117.36000
1483396421,TICK,EURUSDi,1.04676,1.04709
1483396410,TICK,GBPUSDi,1.22824,1.22861
1483396414,TICK,AUDUSDi,0.71924,0.71932
1483396420,TICK,EURJPYi,122.82600,122.88000
1483396414,TICK,AUDJPYi,84.39200,84.42300
1483396414,TICK,EURAUDi,1.45515,1.45584
1483396417,TICK,USDCADi,1.34455,1.34505
1483396420,TICK,USDJPYi,117.34900,117.36000
1483396410,TICK,GBPCADi,1.65138,1.65265
1483396414,TICK,AUDCADi,0.96707,0.96775
1483396421,TICK,USDCHFi,1.02278,1.02385
1483396420,TICK,GBPAUDi,1.70702,1.70833
1483396430,TICK,EURUSDi,1.04676,1.04705
1483396424,TICK,AUDUSDi,0.71898,0.71907
1483396430,TICK,EURJPYi,122.83000,122.88000
1483396429,TICK,AUDJPYi,84.35900,84.39500
1483396426,TICK,EURAUDi,1.45555,1.45635
1483396427,TICK,USDCADi,1.34455,1.34505
1483396430,TICK,GBPCADi,1.65139,1.65265
1483396423,TICK,AUDCADi,0.96673,0.96740
1483396423,TICK,USDCHFi,1.02278,1.02383
1483396424,TICK,GBPAUDi,1.70751,1.70880
1483396440,TICK,EURUSDi,1.04676,1.04704
1483396430,TICK,EURGBPi,0.85202,0.85246
1483396434,TICK,AUDUSDi,0.71927,0.71937
1483396439,TICK,EURJPYi,122.83200,122.88000
1483396439,TICK,AUDJPYi,84.39000,84.42900
1483396434,TICK,EURAUDi,1.45506,1.45575
1483396438,TICK,USDCADi,1.34425,1.34453
1483396438,TICK,USDJPYi,117.34900,117.36000
1483396432,TICK,GBPCADi,1.65076,1.65209
1483396438,TICK,AUDCADi,0.96683,0.96721
1483396431,TICK,USDCHFi,1.02278,1.02385
1483396433,TICK,GBPAUDi,1.70692,1.70822
1483396480,TICK,EURUSDi,1.04675,1.04704
1483396477,TICK,EURGBPi,0.85222,0.85270
1483396473,TICK,GBPUSDi,1.22787,1.22833
1483396475,TICK,AUDUSDi,0.71889,0.71896
1483396466,TICK,EURJPYi,122.82900,122.88000
1483396479,TICK,AUDJPYi,84.35500,84.38600
1483396478,TICK,EURAUDi,1.45576,1.45638
1483396475,TICK,USDCADi,1.34425,1.34453
1483396460,TICK,USDJPYi,117.34800,117.36000
1483396478,TICK,GBPCADi,1.65028,1.65166
1483396480,TICK,AUDCADi,0.96633,0.96671
1483396463,TICK,USDCHFi,1.02278,1.02384
1483396475,TICK,GBPAUDi,1.70737,1.70855
1483396493,TICK,EURUSDi,1.04675,1.04705
1483396493,TICK,EURGBPi,0.85208,0.85250
1483396492,TICK,GBPUSDi,1.22818,1.22850
1483396487,TICK,AUDUSDi,0.71908,0.71918
1483396480,TICK,EURJPYi,122.82400,122.88000
1483396492,TICK,AUDJPYi,84.36800,84.40700
1483396487,TICK,EURAUDi,1.45546,1.45600
1483396492,TICK,GBPCADi,1.65068,1.65195
1483396492,TICK,AUDCADi,0.96658,0.96696
1483396492,TICK,GBPAUDi,1.70733,1.70835
1483396496,TICK,EURUSDi,1.04676,1.04705
1483396496,TICK,USDCHFi,1.02278,1.02385
1483396503,TICK,EURUSDi,1.04676,1.04704
1483396498,TICK,EURGBPi,0.85223,0.85270
1483396498,TICK,GBPUSDi,1.22787,1.22831
1483396501,TICK,EURJPYi,122.82600,122.88000
1483396501,TICK,AUDJPYi,84.37600,84.40700
1483396502,TICK,USDCADi,1.34425,1.34452
1483396501,TICK,USDJPYi,117.34400,117.36000
1483396498,TICK,GBPCADi,1.65027,1.65168
1483396498,TICK,GBPAUDi,1.70692,1.70808
1483396503,TICK,EURGBPi,0.85229,0.85271
1483396503,TICK,GBPUSDi,1.22781,1.22826
1483396503,TICK,EURJPYi,122.82700,122.88000
1483396503,TICK,EURAUDi,1.45546,1.45603
1483396503,TICK,GBPCADi,1.65020,1.65162
1483396503,TICK,GBPAUDi,1.70684,1.70802
1483396523,TICK,EURUSDi,1.04677,1.04708
1483396523,TICK,EURGBPi,0.85216,0.85252
1483396522,TICK,GBPUSDi,1.22818,1.22844
1483396507,TICK,AUDUSDi,0.71907,0.71918
1483396521,TICK,EURJPYi,122.82800,122.87700
1483396515,TICK,AUDJPYi,84.37500,84.40500
1483396518,TICK,EURAUDi,1.45545,1.45603
1483396523,TICK,USDCADi,1.34447,1.34459
1483396521,TICK,USDJPYi,117.34300,117.35700
1483396522,TICK,GBPCADi,1.65094,1.65191
1483396510,TICK,AUDCADi,0.96673,0.96706
1483396513,TICK,USDCHFi,1.02278,1.02384
1483396522,TICK,GBPAUDi,1.70734,1.70833
1483396533,TICK,EURUSDi,1.04678,1.04707
1483396533,TICK,EURGBPi,0.85218,0.85253
1483396533,TICK,GBPUSDi,1.22818,1.22841
1483396533,TICK,EURJPYi,122.83000,122.88000
1483396529,TICK,AUDJPYi,84.37200,84.40700
1483396529,TICK,EURAUDi,1.45545,1.45614
1483396528,TICK,USDCADi,1.34447,1.34457
1483396529,TICK,USDJPYi,117.34600,117.35900
1483396533,TICK,GBPCADi,1.65093,1.65187
1483396533,TICK,GBPAUDi,1.70736,1.70838
1483396548,TICK,EURUSDi,1.04677,1.04707
1483396545,TICK,EURGBPi,0.85229,0.85271
1483396536,TICK,GBPUSDi,1.22784,1.22827
1483396539,TICK,EURJPYi,122.83100,122.88000
1483396546,TICK,AUDJPYi,84.37100,84.40700
1483396542,TICK,EURAUDi,1.45545,1.45616
1483396548,TICK,USDCADi,1.34447,1.34459
1483396546,TICK,USDJPYi,117.35000,117.35600
1483396543,TICK,GBPCADi,1.65049,1.65166
1483396547,TICK,USDCHFi,1.02278,1.02382
1483396541,TICK,GBPAUDi,1.70692,1.70819
1483396563,TICK,EURUSDi,1.04680,1.04710
1483396563,TICK,EURGBPi,0.85231,0.85270
1483396561,TICK,GBPUSDi,1.22794,1.22827
1483396559,TICK,AUDUSDi,0.71896,0.71910
1483396563,TICK,EURJPYi,122.83500,122.88000
1483396561,TICK,AUDJPYi,84.36300,84.40000
1483396560,TICK,EURAUDi,1.45556,1.45627
1483396563,TICK,USDCADi,1.34447,1.34458
1483396557,TICK,USDJPYi,117.34900,117.36700
1483396551,TICK,GBPCADi,1.65062,1.65167
1483396561,TICK,AUDCADi,0.96658,0.96696
1483396551,TICK,USDCHFi,1.02278,1.02381
1483396559,TICK,GBPAUDi,1.70724,1.70832
1483396573,TICK,EURUSDi,1.04681,1.04710
1483396569,TICK,EURJPYi,122.84100,122.88500
1483396569,TICK,AUDJPYi,84.36300,84.40100
1483396570,TICK,EURAUDi,1.45561,1.45627
1483396572,TICK,USDCADi,1.34447,1.34458
1483396569,TICK,USDJPYi,117.35300,117.36500
1483396566,TICK,AUDCADi,0.96658,0.96691
1483396570,TICK,USDCHFi,1.02278,1.02383
1483396570,TICK,GBPAUDi,1.70723,1.70833
1483396631,TICK,EURUSDi,1.04678,1.04717
1483396631,TICK,EURGBPi,0.85212,0.85268
1483396597,TICK,GBPUSDi,1.22786,1.22831
1483396628,TICK,AUDUSDi,0.71878,0.71914
1483396631,TICK,EURJPYi,122.84300,122.88500
1483396628,TICK,AUDJPYi,84.35000,84.39900
1483396631,TICK,EURAUDi,1.45567,1.45676
1483396631,TICK,USDCADi,1.34444,1.34466
1483396628,TICK,USDJPYi,117.35500,117.37200
1483396631,TICK,GBPCADi,1.65067,1.65170
1483396631,TICK,AUDCADi,0.96643,0.96697
1483396631,TICK,USDCHFi,1.02278,1.02380
1483396623,TICK,GBPAUDi,1.70739,1.70878
1483396632,TICK,EURUSDi,1.04679,1.04714
1483396632,TICK,EURGBPi,0.85228,0.85265
1483396632,TICK,EURAUDi,1.45572,1.45669
1483396632,TICK,GBPCADi,1.65067,1.65164
1483396632,TICK,AUDCADi,0.96643,0.96696
1483396632,TICK,USDJPYi,117.35500,117.36900
1483396639,TICK,EURUSDi,1.04680,1.04708
1483396633,TICK,AUDUSDi,0.71880,0.71917
1483396635,TICK,AUDJPYi,84.35300,84.40100
1483396633,TICK,EURAUDi,1.45571,1.45668
1483396637,TICK,USDCADi,1.34440,1.34466
1483396634,TICK,USDJPYi,117.35500,117.36600
1483396633,TICK,AUDCADi,0.96644,0.96698
1483396633,TICK,USDCHFi,1.02278,1.02382
1483396633,TICK,GBPAUDi,1.70735,1.70873
1483396639,TICK,EURJPYi,122.84700,122.88500
1483396639,TICK,EURAUDi,1.45567,1.45659
1483396639,TICK,USDCHFi,1.02278,1.02381
1483396654,TICK,EURUSDi,1.04680,1.04709
1483396650,TICK,EURGBPi,0.85228,0.85267
1483396649,TICK,AUDUSDi,0.71880,0.71918
1483396651,TICK,AUDJPYi,84.35300,84.40200
1483396649,TICK,EURAUDi,1.45575,1.45665
1483396648,TICK,USDCADi,1.34416,1.34459
1483396645,TICK,USDJPYi,117.35600,117.36600
1483396653,TICK,GBPCADi,1.65036,1.65154
1483396654,TICK,AUDCADi,0.96626,0.96692
1483396648,TICK,USDCHFi,1.02277,1.02384
1483396651,TICK,GBPAUDi,1.70735,1.70874
1483396654,TICK,AUDUSDi,0.71879,0.71916
1483396654,TICK,EURJPYi,122.84700,122.88500
1483396654,TICK,AUDJPYi,84.35300,84.40100
1483396654,TICK,EURAUDi,1.45570,1.45668
1483396654,TICK,GBPAUDi,1.70733,1.70879
1483396664,TICK,EURUSDi,1.04681,1.04708
1483396661,TICK,AUDUSDi,0.71879,0.71917
1483396664,TICK,EURJPYi,122.84600,122.88500
1483396659,TICK,AUDJPYi,84.35000,84.40100
1483396663,TICK,USDCADi,1.34421,1.34458
1483396663,TICK,USDJPYi,117.35400,117.36600
1483396663,TICK,GBPCADi,1.65036,1.65153
1483396664,TICK,AUDCADi,0.96625,0.96695
1483396660,TICK,GBPAUDi,1.70731,1.70878
1483396665,TICK,EURUSDi,1.04674,1.04675
1483396665,TICK,GBPUSDi,1.22786,1.22825
1483396665,TICK,EURJPYi,122.84200,122.88500
1483396665,TICK,AUDCADi,0.96625,0.96686
1483396666,TICK,EURUSDi,1.04661,1.04669
1483396666,TICK,EURGBPi,0.85214,0.85259
1483396666,TICK,EURJPYi,122.83100,122.84300
1483396666,TICK,EURAUDi,1.45547,1.45649
1483396666,TICK,GBPCADi,1.65034,1.65153
1483396666,TICK,AUDCADi,0.96625,0.96695
1483396665,TICK,USDCHFi,1.02284,1.02384
1483396666,TICK,GBPAUDi,1.70729,1.70872
1483396666,TICK,GBPUSDi,1.22786,1.22826
1483396666,TICK,AUDJPYi,84.35000,84.40200
1483396666,TICK,USDJPYi,117.35500,117.36600
1483396666,TICK,USDCHFi,1.02277,1.02384
1483396667,TICK,EURUSDi,1.04672,1.04701
1483396667,TICK,EURJPYi,122.83600,122.87700
1483396667,TICK,AUDCADi,0.96625,0.96695
1483396671,TICK,EURUSDi,1.04670,1.04701
1483396667,TICK,EURGBPi,0.85223,0.85265
1483396668,TICK,EURJPYi,122.83700,122.87600
1483396669,TICK,GBPCADi,1.65034,1.65148
1483396670,TICK,AUDCADi,0.96625,0.96686
1483396675,TICK,EURUSDi,1.04669,1.04701
1483396675,TICK,AUDUSDi,0.71879,0.71917
1483396675,TICK,AUDJPYi,84.35000,84.40100
1483396673,TICK,EURAUDi,1.45551,1.45651
1483396675,TICK,AUDCADi,0.96625,0.96686
1483396675,TICK,GBPAUDi,1.70729,1.70872
1483396676,TICK,EURUSDi,1.04670,1.04701
1483396676,TICK,AUDUSDi,0.71874,0.71912
1483396676,TICK,AUDJPYi,84.35000,84.39800
1483396675,TICK,EURAUDi,1.45558,1.45658
1483396675,TICK,GBPCADi,1.65035,1.65148
1483396676,TICK,AUDCADi,0.96625,0.96681
1483396676,TICK,GBPAUDi,1.70739,1.70879
1483396685,TICK,EURUSDi,1.04671,1.04702
1483396682,TICK,AUDUSDi,0.71879,0.71916
1483396680,TICK,EURJPYi,122.83700,122.87800
1483396684,TICK,AUDJPYi,84.35000,84.40100
1483396685,TICK,USDCADi,1.34437,1.34490
1483396684,TICK,USDJPYi,117.35100,117.36400
1483396685,TICK,GBPCADi,1.65053,1.65189
1483396684,TICK,AUDCADi,0.96638,0.96710
1483396682,TICK,GBPAUDi,1.70734,1.70875
1483396690,TICK,EURUSDi,1.04670,1.04702
1483396689,TICK,AUDUSDi,0.71874,0.71912
1483396689,TICK,AUDJPYi,84.36500,84.40100
1483396690,TICK,USDCADi,1.34442,1.34488
1483396689,TICK,USDJPYi,117.35200,117.36400
1483396688,TICK,GBPAUDi,1.70741,1.70881
1483396727,TICK,EURUSDi,1.04669,1.04695
1483396727,TICK,EURGBPi,0.85218,0.85264
1483396727,TICK,AUDUSDi,0.71900,0.71927
1483396727,TICK,EURJPYi,122.84100,122.87800
1483396727,TICK,AUDJPYi,84.37500,84.42000
1483396727,TICK,EURAUDi,1.45540,1.45637
1483396721,TICK,USDCADi,1.34449,1.34506
1483396725,TICK,USDJPYi,117.35400,117.36600
1483396721,TICK,GBPCADi,1.65078,1.65213
1483396726,TICK,AUDCADi,0.96650,0.96721
1483396721,TICK,USDCHFi,1.02278,1.02385
1483396726,TICK,GBPAUDi,1.70718,1.70854
1483396727,TICK,AUDCADi,0.96660,0.96730
1483396727,TICK,USDCHFi,1.02278,1.02383
1483396728,TICK,EURUSDi,1.04676,1.04706
1483396728,TICK,EURGBPi,0.85227,0.85266
1483396728,TICK,EURJPYi,122.83800,122.87800
1483396728,TICK,AUDJPYi,84.38100,84.42100
1483396728,TICK,EURAUDi,1.45546,1.45640
1483396728,TICK,AUDUSDi,0.71906,0.71927
1483396728,TICK,USDCHFi,1.02278,1.02384
1483396729,TICK,EURUSDi,1.04679,1.04700
1483396729,TICK,EURGBPi,0.85230,0.85268
1483396729,TICK,EURJPYi,122.85100,122.87800
1483396729,TICK,EURAUDi,1.45557,1.45640
1483396729,TICK,USDCHFi,1.02278,1.02385
1483396729,TICK,GBPAUDi,1.70718,1.70853
1483396737,TICK,EURUSDi,1.04674,1.04704
1483396731,TICK,EURGBPi,0.85225,0.85265
1483396730,TICK,AUDUSDi,0.71906,0.71932
1483396736,TICK,EURJPYi,122.83600,122.87800
1483396736,TICK,AUDJPYi,84.37800,84.42200
1483396736,TICK,USDJPYi,117.34800,117.36400
1483396730,TICK,AUDCADi,0.96666,0.96736
1483396732,TICK,USDCHFi,1.02278,1.02384
1483396737,TICK,GBPAUDi,1.70708,1.70820
1483396740,TICK,EURUSDi,1.04672,1.04704
1483396740,TICK,AUDUSDi,0.71897,0.71917
1483396740,TICK,EURJPYi,122.83400,122.87800
1483396740,TICK,AUDJPYi,84.37300,84.41600
1483396740,TICK,EURAUDi,1.45544,1.45641
1483396739,TICK,USDCADi,1.34454,1.34497
1483396740,TICK,USDJPYi,117.34800,117.36200
1483396740,TICK,AUDCADi,0.96660,0.96730
1483396740,TICK,GBPAUDi,1.70720,1.70853
1483396741,TICK,EURUSDi,1.04676,1.04701
1483396741,TICK,EURGBPi,0.85229,0.85266
1483396741,TICK,GBPUSDi,1.22784,1.22819
1483396741,TICK,AUDUSDi,0.71897,0.71914
1483396741,TICK,EURAUDi,1.45537,1.45634
1483396741,TICK,USDCADi,1.34460,1.34503
1483396741,TICK,GBPCADi,1.65075,1.65210
1483396741,TICK,USDCHFi,1.02278,1.02385
1483396741,TICK,GBPAUDi,1.70717,1.70852
1483396741,TICK,EURJPYi,122.82800,122.87500
1483396741,TICK,USDJPYi,117.34800,117.36700
1483396750,TICK,EURUSDi,1.04664,1.04695
1483396744,TICK,GBPUSDi,1.22784,1.22815
1483396747,TICK,AUDUSDi,0.71886,0.71906
1483396743,TICK,EURJPYi,122.82500,122.87700
1483396748,TICK,AUDJPYi,84.35200,84.39600
1483396743,TICK,EURAUDi,1.45549,1.45646
1483396743,TICK,USDCADi,1.34460,1.34502
1483396747,TICK,USDJPYi,117.34800,117.37100
1483396742,TICK,GBPCADi,1.65074,1.65210
1483396746,TICK,AUDCADi,0.96649,0.96720
1483396749,TICK,USDCHFi,1.02280,1.02384
1483396749,TICK,GBPAUDi,1.70734,1.70865
1483396777,TICK,EURUSDi,1.04664,1.04696
1483396771,TICK,GBPUSDi,1.22784,1.22825
1483396771,TICK,AUDUSDi,0.71896,0.71917
1483396777,TICK,EURJPYi,122.82000,122.86300
1483396771,TICK,AUDJPYi,84.36300,84.40400
1483396761,TICK,EURAUDi,1.45535,1.45632
1483396774,TICK,USDCADi,1.34481,1.34522
1483396777,TICK,USDJPYi,117.34700,117.36700
1483396771,TICK,GBPCADi,1.65092,1.65234
1483396772,TICK,AUDCADi,0.96669,0.96741
1483396761,TICK,GBPAUDi,1.70717,1.70854
1483396778,TICK,EURUSDi,1.04665,1.04697
1483396778,TICK,USDJPYi,117.34700,117.36600
1483396783,TICK,EURUSDi,1.04665,1.04694
1483396781,TICK,EURGBPi,0.85224,0.85264
1483396780,TICK,GBPUSDi,1.22781,1.22820
1483396783,TICK,EURJPYi,122.81700,122.86500
1483396780,TICK,AUDJPYi,84.36300,84.40300
1483396783,TICK,USDJPYi,117.34800,117.36300
1483396780,TICK,GBPCADi,1.65089,1.65228
1483396783,TICK,USDCHFi,1.02280,1.02384
1483396780,TICK,GBPAUDi,1.70714,1.70848
1483396784,TICK,EURUSDi,1.04667,1.04698
1483396784,TICK,EURJPYi,122.81900,122.86500
1483396797,TICK,EURUSDi,1.04669,1.04699
1483396797,TICK,EURGBPi,0.85224,0.85265
1483396790,TICK,GBPUSDi,1.22781,1.22821
1483396792,TICK,AUDUSDi,0.71899,0.71917
1483396794,TICK,EURJPYi,122.82000,122.86600
1483396792,TICK,AUDJPYi,84.36400,84.40300
1483396797,TICK,EURAUDi,1.45545,1.45634
1483396792,TICK,GBPCADi,1.65089,1.65228
1483396792,TICK,AUDCADi,0.96669,0.96737
1483396797,TICK,USDCHFi,1.02280,1.02387
1483396792,TICK,GBPAUDi,1.70722,1.70848
1483396797,TICK,EURJPYi,122.82000,122.86400
1483396798,TICK,EURUSDi,1.04665,1.04696
1483396798,TICK,EURJPYi,122.81600,122.86400
1483396801,TICK,EURUSDi,1.04665,1.04695
1483396800,TICK,EURJPYi,122.81900,122.86000
1483396798,TICK,AUDJPYi,84.36500,84.40300
1483396801,TICK,EURGBPi,0.85221,0.85263
1483396801,TICK,EURJPYi,122.81400,122.86000
1483396802,TICK,EURUSDi,1.04661,1.04694
1483396802,TICK,EURGBPi,0.85221,0.85263
1483396802,TICK,EURJPYi,122.81900,122.86100
1483396803,TICK,EURUSDi,1.04665,1.04695
1483396803,TICK,AUDUSDi,0.71894,0.71917
1483396803,TICK,USDJPYi,117.34800,117.36600
1483396803,TICK,EURJPYi,122.81900,122.86100
1483396803,TICK,EURGBPi,0.85221,0.85263
1483396804,TICK,EURUSDi,1.04661,1.04694
1483396804,TICK,EURGBPi,0.85221,0.85263
1483396804,TICK,EURJPYi,122.81900,122.86100
1483396805,TICK,EURUSDi,1.04664,1.04694
1483396805,TICK,EURGBPi,0.85224,0.85263
1483396805,TICK,EURJPYi,122.81300,122.86300
1483396806,TICK,EURUSDi,1.04660,1.04694
1483396806,TICK,EURGBPi,0.85220,0.85261
1483396806,TICK,EURJPYi,122.81900,122.86200
1483396806,TICK,USDCHFi,1.02330,1.02420
1483396837,TICK,EURUSDi,1.04659,1.04660
1483396811,TICK,EURGBPi,0.85220,0.85262
1483396833,TICK,GBPUSDi,1.22786,1.22821
1483396835,TICK,AUDUSDi,0.71924,0.71945
1483396832,TICK,EURJPYi,122.81300,122.86500
1483396835,TICK,AUDJPYi,84.39400,84.43300
1483396835,TICK,EURAUDi,1.45475,1.45560
1483396837,TICK,USDCADi,1.34479,1.34521
1483396830,TICK,USDJPYi,117.34700,117.36000
1483396833,TICK,GBPCADi,1.65092,1.65229
1483396835,TICK,AUDCADi,0.96708,0.96774
1483396837,TICK,USDCHFi,1.02241,1.02338
1483396835,TICK,GBPAUDi,1.70656,1.70768
1483396837,TICK,EURGBPi,0.85205,0.85250
1483396837,TICK,GBPUSDi,1.22782,1.22818
1483396837,TICK,AUDUSDi,0.71919,0.71942
1483396837,TICK,EURJPYi,122.79800,122.85600
1483396837,TICK,EURAUDi,1.45463,1.45548
1483396837,TICK,GBPCADi,1.65087,1.65225
1483396837,TICK,GBPAUDi,1.70659,1.70770
1483396838,TICK,EURUSDi,1.04647,1.04681
1483396839,TICK,EURGBPi,0.85209,0.85255
1483396838,TICK,AUDUSDi,0.71919,0.71940
1483396838,TICK,EURJPYi,122.80000,122.85200
1483396838,TICK,EURAUDi,1.45463,1.45548
1483396838,TICK,USDCADi,1.34478,1.34521
1483396839,TICK,USDCHFi,1.02238,1.02328
1483396839,TICK,EURUSDi,1.04651,1.04685
1483396839,TICK,AUDUSDi,0.71919,0.71942
1483396839,TICK,EURJPYi,122.80000,122.85300
1483396841,TICK,EURUSDi,1.04651,1.04680
1483396840,TICK,AUDUSDi,0.71919,0.71945
1483396840,TICK,AUDJPYi,84.39200,84.41700
1483396840,TICK,USDJPYi,117.34400,117.36000
1483396841,TICK,USDCHFi,1.02245,1.02328
1483396841,TICK,EURGBPi,0.85212,0.85259
1483396841,TICK,AUDUSDi,0.71914,0.71935
1483396841,TICK,AUDJPYi,84.38800,84.40800
1483396841,TICK,EURAUDi,1.45476,1.45560
1483396841,TICK,GBPAUDi,1.70667,1.70782
1483396847,TICK,EURUSDi,1.04651,1.04684
1483396847,TICK,EURGBPi,0.85212,0.85259
1483396845,TICK,AUDUSDi,0.71907,0.71936
1483396847,TICK,EURJPYi,122.80200,122.85800
1483396843,TICK,AUDJPYi,84.39800,84.42200
1483396847,TICK,EURAUDi,1.45486,1.45571
1483396843,TICK,USDCADi,1.34420,1.34459
1483396843,TICK,GBPCADi,1.65010,1.65153
1483396843,TICK,AUDCADi,0.96648,0.96711
1483396847,TICK,USDCHFi,1.02238,1.02336
1483396843,TICK,GBPAUDi,1.70681,1.70796
1483396848,TICK,EURUSDi,1.04676,1.04703
1483396848,TICK,USDCHFi,1.02247,1.02344
1483396848,TICK,EURGBPi,0.85226,0.85265
1483396848,TICK,EURJPYi,122.82900,122.87100
1483396848,TICK,EURAUDi,1.45522,1.45609
1483396863,TICK,EURUSDi,1.04673,1.04698
1483396849,TICK,EURGBPi,0.85223,0.85264
1483396856,TICK,AUDUSDi,0.71907,0.71938
1483396858,TICK,EURJPYi,122.81500,122.87300
1483396848,TICK,AUDJPYi,84.39800,84.42800
1483396849,TICK,EURAUDi,1.45505,1.45590
1483396863,TICK,USDCADi,1.34432,1.34463
1483396855,TICK,USDJPYi,117.34500,117.36000
1483396863,TICK,GBPCADi,1.65017,1.65152
1483396863,TICK,AUDCADi,0.96657,0.96711
1483396863,TICK,USDCHFi,1.02247,1.02329
1483396854,TICK,GBPAUDi,1.70680,1.70795
1483396863,TICK,EURGBPi,0.85223,0.85263
1483396863,TICK,AUDUSDi,0.71907,0.71934
1483396863,TICK,EURJPYi,122.81500,122.86600
1483396864,TICK,EURGBPi,0.85223,0.85262
1483396864,TICK,AUDUSDi,0.71907,0.71938
1483396864,TICK,AUDJPYi,84.39900,84.42800
1483396864,TICK,EURAUDi,1.45494,1.45580
1483396864,TICK,USDCADi,1.34430,1.34463
1483396864,TICK,EURUSDi,1.04656,1.04689
1483396864,TICK,GBPUSDi,1.22780,1.22811
1483396864,TICK,EURJPYi,122.80600,122.86300
1483396864,TICK,GBPCADi,1.65017,1.65151
1483396864,TICK,AUDCADi,0.96653,0.96711
1483396864,TICK,USDCHFi,1.02257,1.02319
1483396864,TICK,GBPAUDi,1.70678,1.70789
1483396871,TICK,EURUSDi,1.04617,1.04650
1483396867,TICK,AUDUSDi,0.71907,0.71938
1483396869,TICK,EURJPYi,122.76700,122.82500
1483396869,TICK,AUDJPYi,84.40000,84.43200
1483396870,TICK,EURAUDi,1.45414,1.45520
1483396865,TICK,USDCADi,1.34420,1.34459
1483396869,TICK,USDJPYi,117.34600,117.37000
